3600 5834
329 768 381 818 ΙΝ
390 768 541 820 NATALI
552 770 816 824 PLURIMORUM
827 772 1045 825 MARTJRUM
1055 773 1199 824 NOVEM
1209 772 1446 825 LECTIONUM.
1476 783 1503 837 51

685 923 877 988 Traduntur
891 924 960 1008 igni
973 926 1122 989 martires

686 1010 733 1075 Et
747 1011 928 1076 bestiarum
944 1013 1100 1077 dentibus
1115 1038 1121 1077 :

685 1097 828 1162 Armata
841 1100 926 1162 sevit
941 1100 1072 1181 ungulis

685 1185 834 1249 Tortoris
850 1186 957 1248 insani
974 1206 1100 1249 manus.

686 1312 718 1376 N
721 1313 823 1377 udata
838 1314 987 1397 pendent
1001 1315 1135 1392 viscera,

686 1400 830 1483 Sanguis
845 1412 993 1465 sacratus
1010 1402 1166 1477 funditur,

685 1487 753 1552 Sed
769 1499 965 1570 permanent
977 1489 1164 1553 immobiles

683 1572 762 1638 Vite
777 1576 931 1657 perennis
946 1577 1060 1657 gratia.

684 1696 735 1761 Te
751 1717 837 1762 nunc
853 1698 1043 1780 redemptor
1057 1719 1246 1781 quesumus,

685 1783 734 1849 Ut
749 1796 933 1867 martyrum
949 1787 1115 1849 consortio

683 1870 811 1953 Jungas
827 1882 1000 1953 precantes
1011 1873 1157 1936 servulos

688 1958 726 2019 ln
742 1960 944 2041 sempiterna
959 1960 1077 2023 secula.
1123 1959 1243 2022 Amen.

733 2188 775 2252 In
783 2190 894 2271 pn'nio
910 2200 1069 2255 nocturno.

300 2321 381 2384 Ant.
405 2321 508 2388 Secus
523 2323 719 2388 decursus...
852 2327 910 2391 Ps.
934 2328 1056 2392 Beatus
1071 2329 1127 2392 vir.

299 2408 382 2471 Ant.
397 2409 574 2492 Tanquam
589 2431 747 2475 aurum...
845 2413 904 2477 Ps.
928 2415 1039 2497 Quare
1055 2414 1264 2478 fremuerunt.

300 2498 382 2558 Ant.
405 2494 442 2561 Si
458 2517 611 2561 coram...
839 2500 897 2564 Ps.
922 2502 962 2565 In
978 2502 1116 2565 domino
1131 2503 1271 2565 conlido

388 2584 427 2642 st
443 2584 621 2648 Letamini.

301 2667 409 2731 lectio
425 2669 446 2733 i.
469 2670 621 2734 Psalmus
636 2672 734 2753 qui...
826 2673 1015 2757 manipulos
1030 2688 1133 2739 ειιοε.ει

299 2758 333 2827 R
355 2754 579 2842 Absterget...
1063 2765 1102 2823 ff
1119 2763 1197 2826 Non
1212 2762 1399 2828 esurient...

299 2842 407 2905 Lectio
422 2843 456 2906 ii.
480 2845 558 2926 Quo
573 2856 730 2909 euntes...
820 2857 978 2911 eternam.

299 2932 333 3001 R
354 2929 427 2993 Viri
442 2932 590 2994 sancti...
1059 2938 1098 2996 ff
1115 2935 1254 3001 Unus...

299 3015 406 3079 Lectio
421 3017 469 3082 iii.
493 3016 670 3083 Semina...
819 3021 1015 3101 pertineant

298 3106 332 3175 R
353 3102 618 3169 Tradiderunt...
1055 3111 1094 3169 ff
1112 3109 1172 3173 Isti
1188 3119 1307 3174 sunt...

363 3290 376 3315 ¹
391 3283 449 3332 Sar.
463 3282 490 3332 ii.
504 3282 560 3346 398.

364 3361 427 3409 HW
450 3361 534 3409 Lectis
552 3362 571 3410 ι’.
598 3361 665 3424 Quia
682 3360 766 3410 natale
785 3368 927 3410 sanctorum
953 3362 1064 3426 martyrii
1089 3362 1165 3413 hodie
1187 3364 1292 3414 colimus
1320 3364 1408 3413 iratres
1439 3361 1499 3419 mei,

297 3453 456 3502 nequaquam
475 3453 521 3488 nos
532 3453 547 3487 a
557 3437 649 3488 virtute
666 3438 787 3503 patientie
807 3454 892 3487 eorum
904 3438 1022 3489 estimare
1033 3450 1164 3491 extraneos
1175 3457 1229 3491 esse
1246 3442 1384 3491 debemus:
1403 3438 1500 3489 sienim

297 3516 433 3580 adjuvante
452 3531 498 3565 nos
516 3515 620 3565 domino
631 3515 749 3565 virtutem
767 3531 853 3565 eorum
866 3516 988 3581 patientie
1006 3533 1106 3568 servare
1122 3519 1306 3579 contendimus,
1320 3519 1377 3570 etsi
1393 3518 1420 3567 in
1438 3531 1500 3582 pace

297 3603 384 3643 macte
394 3593 501 3643 ecclesie
511 3592 627 3653 vivimus,
640 3594 750 3658 palmam
761 3594 875 3658 martyrii
885 3609 936 3643 non
947 3594 1092 3645 amittimus
1128 3597 1173 3657 [W
1184 3597 1319 3659 tenemus]

363 3672 427 3722 Hw
443 3672 526 3721 Lectio
547 3672 577 3722 ii.
594 3672 654 3721 Duo
672 3671 787 3736 [quippe]
804 3672 916 3737 martyrii
933 3682 991 3723 sunt
1011 3689 1111 3737 genera,
1134 3691 1210 3724 unum
1231 3674 1256 3724 in
1277 3683 1372 3734 mente,
1384 3673 1453 3724 aliud
1473 3672 1499 3722 in

297 3751 450 3815 operatione.
488 3750 586 3814 ltaque,
597 3748 694 3810 iratres,
704 3758 826 3814 martyres
834 3766 889 3801 esse
896 3766 1028 3816 possumus
1036 3752 1112 3801 etiam
1124 3753 1145 3802 si
1154 3754 1223 3802 nullo
1234 3754 1299 3802 serro
1309 3751 1499 3818 percutientium

296 3828 457 3877 trucidemur.
495 3825 562 3877 Moti
577 3828 699 3893 quippea
715 3836 882 3893 persequente
901 3829 1048 3892 martyrium
1062 3829 1088 3878 in
1100 3839 1187 3894 aperto
1205 3846 1281 3895 opere
1292 3839 1348 3881 ests
1366 3830 1429 3880 serre
1441 3843 1501 3878 vero

296 3906 462 3955 contumelias
473 3913 497 3955 et
510 3903 635 3954 odientem
647 3904 762 3970 diligere,
774 3905 920 3970 martyrium
932 3907 1007 3955 estin
1020 3908 1116 3956 occulta
1127 3906 1286 3971 cogitatione.

363 3984 425 4032 Hw
441 3984 524 4033 Luto
539 3982 578 4032 iii.
598 3982 664 4047 Quia
683 3984 734 4033 duo
753 3992 812 4033 sunt
823 3982 934 4047 martyrii
950 3998 1044 4048 genera
1055 4000 1132 4033 unum
1143 3984 1170 4034 in
1182 3985 1281 4034 occulto
1299 4000 1373 4049 opere
1385 3984 1454 4034 aliud
1471 3982 1498 4032 in

294 4061 403 4125 publico,
416 4069 521 4110 testatur
528 4060 638 4111 veritas:
655 4060 765 4110 Zebedei
774 4060 838 4110 tilios
846 4059 949 4125 requirit
961 4060 1048 4111 dicens
1083 4061 1191 4112 Potestis
1200 4063 1288 4113 bibere
1299 4063 1404 4113 calicem
1421 4077 1497 4127 quem

295 4159 343 4207 ego
355 4142 478 4193 bibitums
492 4142 576 4199 sumt
608 4142 659 4205 Qui
675 4158 732 4191 cum
749 4142 863 4207 protinus
879 4143 1067 4207 responderent,
1082 4143 1224 4204 Possumus,
1237 4144 1306 4195 illico
1321 4145 1437 4194 dominus
1448 4158 1498 4193 res·

296 4220 385 4285 pondit
400 4219 488 4269 dicens
504 4220 615 4269 Calicem
635 4219 737 4284 quidem
754 4235 838 4269 meum
849 4219 950 4270 bibetis.
986 4220 1055 4283 Quid
1067 4221 1134 4270 enim
1147 4238 1192 4286 per
1208 4222 1312 4272 calicem
1324 4222 1371 4272 nisi
1383 4223 1496 4272 dolorem

297 4298 421 4363 passionis
431 4297 576 4362 accipimus.
613 4297 653 4347 De
664 4313 715 4362 quo
725 4298 787 4347 alias
798 4298 859 4348 dicit
872 4299 947 4348 Pater
958 4299 978 4347 si
991 4297 1044 4348 fieri
1057 4309 1139 4364 potest
1150 4308 1259 4350 transeat
1270 4317 1286 4351 ι
1298 4318 1337 4350 me
1348 4302 1413 4351 calix
1424 4300 1480 4349 iste.

359 4379 378 4435 Σ
394 4377 497 4426 Weuds
507 4375 584 4425 here:
601 4375 638 4425 lor
648 4377 717 4425 lectio
724 4376 1010 4426 r'vcontinuesto‘calix
1020 4377 1086 4426 iste)
1120 4379 1223 4438 lection,
1236 4379 1339 4427 zebedei
1343 4416 1401 4430 ......
1405 4378 1494 4428 finivit.

296 4455 365 4503 lertio
375 4455 405 4503 vi
421 4454 472 4504 Sed
483 4463 568 4503 tamen
580 4450 876 4518 martyrium...;..animo
887 4454 1049 4504 custodimus.

362 4532 390 4580 Η
403 4531 486 4581 lectio
496 4532 530 4580 iv.
550 4531 657 4580 Zebedei
670 4530 724 4590 lilii,
735 4530 761 4581 id
772 4539 810 4581 est
819 4531 930 4595 Jaccbus
940 4540 966 4581 et
976 4531 1113 4595 Johannes,
1123 4547 1173 4580 non
1181 4542 1285 4596 uterque
1297 4548 1342 4598 per
1352 4533 1497 4598 martyrium

296 4610 412 4659 occubuit
432 4618 457 4658 et
479 4619 563 4659 tamen
582 4608 650 4673 quod
668 4617 773 4674 uterque
792 4610 896 4660 calicem
917 4610 1015 4659 biberet
1034 4609 1138 4658 audivit.
1173 4610 1303 4674 Jobannes
1325 4627 1433 4676 namque
1453 4627 1498 4677 per

296 4688 442 4752 martyrium
461 4701 619 4752 nequaquam
631 4686 709 4736 vitam
726 4686 826 4737 finivit:
852 4688 896 4738 sed
914 4687 1060 4751 martyrium
1077 4695 1159 4736 tamen
1175 4688 1260 4738 extitit
1278 4689 1337 4754 quia
1356 4689 1497 4755 passionem

296 4779 371 4828 quam
383 4781 434 4815 non
446 4764 554 4830 suscepit
565 4763 591 4813 in
602 4779 707 4828 corpore
717 4765 825 4815 servavit
837 4765 863 4815 in
875 4775 967 4814 mente.
1005 4765 1038 4815 Et
1050 4780 1096 4813 nos
1107 4780 1166 4829 ergo
1177 4765 1225 4815 hoc
1241 4766 1358 4831 exemplo
1369 4767 1423 4816 sine
1434 4766 1501 4816 ferro

297 4852 421 4907 martyres
431 4859 485 4893 esse
499 4856 630 4907 possumus
641 4842 662 4891 si
674 4842 822 4908 patientiam
833 4842 956 4893 veraciter
967 4843 993 4892 in
1005 4842 1090 4892 animo
1101 4843 1245 4894 retinemus

1308 4924 1376 4974 Ea
