3600 5834
533 766 583 817 ΙΝ
593 767 742 819 NATALI
760 769 878 822 UNIUS
895 771 1149 825 CONFESSORIS.

245 1218 294 1281 IN
324 1218 510 1284 NATALI
540 1219 693 1286 UNIUS
720 1220 1051 1288 CONFESSORIS
1081 1223 1142 1287 ET
1171 1222 1442 1292 PONTIFICIS

607 1332 767 1399 TRIUM
800 1334 1097 1401 LECTIONUM.

706 1502 768 1566 An
791 1517 986 1570 VESPERAS.

244 1636 429 1718 Antiphone
449 1646 481 1699 ct
495 1636 623 1719 psalmi
632 1637 780 1716 scrrnles.

246 1724 320 1806 Cap.
345 1726 434 1788 Ecce
456 1725 619 1787 sacerdos,

243 1810 405 1892 Hymnus.
432 1811 498 1874 Iste
513 1810 682 1873 confessor
701 1820 733 1873 et
752 1820 854 1873 cetera
876 1810 925 1873 ad
943 1821 1090 1892 vesperas
1112 1821 1150 1874 ut
1170 1824 1269 1895 supra
1284 1814 1320 1877 in
1336 1817 1445 1879 natali

330 1899 430 1961 unius
443 1898 631 1977 confessoris
644 1906 676 1960 ct
685 1897 850 1980 pontificis
864 1918 977 1960 nortem
993 1899 1174 1963 lectionum.

688 2106 749 2170 Ao
779 2119 1009 2171 nnrnrmns.

243 2240 479 2305 Invitatorium
510 2240 650 2321 hymnus
678 2262 789 2304 novem
819 2242 991 2323 antiphone
1027 2262 1098 2304 cum
1135 2243 1206 2307 suis
1235 2247 1378 2327 psalmis
1407 2248 1442 2310 in

331 2339 483 2390 nocturno
498 2337 536 2390 ut
548 2341 647 2411 supra
657 2329 693 2390 r'n
709 2328 817 2391 natali
826 2331 927 2391 unius
938 2330 1129 2407 confessoris
1143 2352 1256 2394 tenuem
1271 2335 1373 2396 lectior
1386 2355 1441 2396 um

329 2437 401 2478 cum
411 2436 505 2478 versu
516 2415 655 2479 Amavit
666 2436 751 2479 eum.
796 2415 826 2476 Τ
823 2436 874 2479 res
882 2417 1028 2478 lectiones
1036 2417 1239 2497 leganturde
1248 2421 1444 2503 supradictis

241 2624 307 2671 [ert.
320 2625 356 2671 ix.
378 2624 464 2672 llomo
474 2632 559 2671 nutem
570 2620 612 2685 qui
624 2634 725 2685 peregre
742 2618 866 2683 profectus
883 2619 984 2683 reliquit
1000 2619 1103 2668 domum
1115 2636 1184 2670 suant
1196 2622 1255 2672 haut
1267 2623 1371 2674 dubium
1382 2626 1443 2691 quin

305 2700 411 2749 christus
422 2700 462 2760 sit,
476 2701 518 2763 qui
529 2698 561 2747 ad
574 2708 670 2763 patrem
682 2708 737 2762 post
755 2697 961 2746 resurreccionem
978 2713 1048 2746 suam
1065 2699 1144 2748 uictor
1160 2701 1296 2751 ascendens
1312 2704 1442 2753 ecclesiam

305 2778 467 2841 corporaliter
486 2776 604 2841 reliquit:
622 2792 697 2838 quam
715 2784 799 2823 tamen
816 2789 944 2838 nunquam
961 2775 1047 2823 diuine
1064 2778 1190 2839 presencie
1202 2780 1310 2842 presidio
1321 2780 1440 2841 destituit,

307 2871 411 2904 manens
431 2871 487 2905 cum
507 2856 550 2903 illa
568 2855 685 2903 omnibus
707 2853 795 2902 diebus
817 2868 893 2917 usque
916 2853 948 2902 ad
970 2856 1213 2906 consummacionem
1235 2859 1319 2907 seculi.
1356 2860 1444 2910 Carnis

306 2934 400 2981 etenim
412 2934 480 2982 locus
491 2932 589 2997 proprie
601 2940 665 2980 terra
676 2942 722 2988 est,
735 2947 782 2994 que
799 2931 867 2979 uelut
878 2932 911 2980 ad
924 2931 1054 2995 peregrina
1068 2932 1144 2982 ducta
1155 2943 1193 2983 est
1204 2936 1263 2983 dum
1276 2952 1319 3000 per
1330 2938 1442 3003 redemp·

308 3020 388 3060 torem
399 3021 510 3059 nostrum
521 3009 547 3057 in
560 3010 614 3058 celo
626 3017 662 3057 est
674 3010 803 3058 collocata

241 3180 303 3228 Item
316 3179 392 3227 alind
399 3178 534 3227 secundum
546 3176 670 3225 ntatlteum
684 3175 714 3224 In
727 3171 856 3223 illo...Vos
873 3171 932 3223 estis
943 3173 1010 3223 sal...
1078 3176 1206 3226 Scebclow
1217 3196 1240 3243 p.
1257 3190 1288 3241 72
1300 3181 1345 3230 but

241 3258 324 3305 Lectio
340 3258 376 3305 r'x.
398 3255 544 3305 Notandum
560 3255 628 3319 quod
645 3252 681 3302 sal
698 3261 788 3301 natura
804 3252 1007 3301 infecunditatem
1027 3261 1089 3303 terre
1106 3254 1171 3304 facit.
1210 3258 1286 3309 Unde
1303 3261 1328 3308 in
1346 3261 1442 3324 psalmo

304 3335 424 3399 scriptum
447 3343 483 3382 est
507 3334 592 3382 Posuit
616 3341 705 3381 terram
723 3330 873 3379 fructiferam
893 3330 919 3378 in
940 3331 1097 3394 salsuginem.
1134 3333 1277 3397 Allegorice
1293 3345 1375 3387 autem
1395 3339 1441 3389 hoc

306 3412 372 3461 bene
383 3412 502 3461 conuenit
521 3408 633 3460 doctrine
648 3406 787 3473 apostolice
806 3418 834 3457 ut
853 3407 984 3457 destructis
1004 3405 1198 3460 adversariorum
1219 3416 1397 3466 munitionibus
1416 3429 1442 3468 et

305 3491 401 3554 peccati
413 3506 489 3553 regno
500 3489 607 3547 deiecto,
618 3488 668 3536 sale
677 3486 802 3550 sapiencie
814 3496 958 3549 compescat
969 3487 1034 3535 ultra
1044 3486 1070 3535 in
1081 3489 1163 3537 carnis
1176 3489 1282 3541 humane
1295 3496 1441 3545 terreseculi

304 3568 390 3616 luxum
401 3577 474 3631 etque
486 3564 615 3615 feditatem
625 3564 764 3631 germinare
776 3562 900 3612 uitiorum.

239 3729 299 3777 Item
312 3730 391 3777 unius
402 3728 545 3792 corrsessorr's
555 3728 711 3791 evangelium
723 3725 857 3775 secundum
869 3726 1004 3775 matheum.
1041 3727 1112 3778 Dixit
1124 3746 1211 3794 symon
1224 3742 1308 3797 petrus
1318 3735 1351 3784 ad
1362 3736 1440 3785 iesum

305 3807 371 3855 Ecce
383 3823 429 3855 nos
439 3807 583 3871 reliquimus
593 3805 678 3854 omnia
690 3812 715 3853 et
726 3803 804 3853 secuti
815 3819 898 3852 sumus
912 3812 945 3863 te,
960 3804 1027 3868 Quid
1039 3822 1098 3871 ergo
1110 3808 1155 3857 erit
1168 3810 1247 3860 nobis.
1285 3813 1319 3862 Et
1336 3814 1435 3878 reliqua.

240 3883 338 3932 Onrclt'n
349 3901 380 3932 cx
390 3885 567 3933 commentario
580 3884 704 3946 Origem's.

238 3962 309 4011 Sicut
321 3962 347 4010 in
358 3963 422 4011 datis
433 3978 483 4011 non
496 3962 577 4027 ipsum
593 3961 679 4009 datum
694 3961 738 4011 sed
755 3960 871 4010 affectum
881 3959 965 4009 dantis
981 3961 1104 4026 aspiciens
1115 3965 1175 4013 dens
1187 3965 1301 4018 iustificat
1314 3977 1338 4018 et
1351 3970 1439 4020 melius

303 4050 329 4087 et
338 4040 423 4089 melius
434 4039 537 4103 suscipit
544 4054 621 4103 parua
628 4037 728 4086 dantem
738 4054 794 4087 cum
805 4053 896 4101 magno
904 4038 994 4086 affectu
1002 4055 1076 4103 quam
1085 4056 1175 4105 magna
1186 4059 1215 4091 ex
1223 4044 1313 4095 affectu
1323 4048 1421 4096 modico
1431 4066 1438 4097 ι

303 4116 365 4165 sicut
382 4117 540 4165 manifestum
555 4124 593 4164 est
610 4130 641 4163 ex
658 4114 705 4162 hiis
722 4114 764 4178 qui
780 4114 921 4162 scribuntur
940 4127 1042 4179 propter
1061 4118 1119 4165 data
1136 4119 1221 4169 diuitis
1238 4137 1329 4186 magna
1345 4135 1370 4174 et
1388 4127 1438 4173 duo

304 4194 400 4243 minuta
411 4196 493 4252 uidue‚
507 4194 542 4242 sic
554 4203 579 4243 et
592 4193 617 4241 in
631 4192 677 4240 hiis
687 4192 730 4255 qui
742 4200 843 4255 propter
854 4192 894 4240 dei
906 4192 1070 4242 dileccionem
1088 4196 1217 4246 dimittunt
1232 4200 1299 4262 quod
1311 4202 1437 4264 possident

304 4280 330 4319 ut
348 4271 546 4335 inseparabiliter
561 4269 679 4319 christum
696 4278 838 4331 sequantur,
856 4268 942 4317 omnin
958 4271 1095 4321 secundum
1111 4274 1188 4322 uerba
1203 4275 1256 4324 eius
1272 4288 1374 4341 agentes
1386 4295 1436 4328 non

305 4350 382 4412 magis
393 4349 569 4414 acceptabilior
580 4348 627 4397 erit
638 4347 680 4411 qui
694 4348 763 4410 plura
775 4345 900 4410 reliquerit
913 4363 943 4395 eo
955 4349 997 4410 qui
1010 4365 1087 4413 paruo
1097 4351 1198 4400 dimisit.

238 4426 304 4475 Lect.
317 4428 374 4474 eiii.
396 4428 462 4490 Ergo
473 4435 499 4476 et
510 4427 531 4476 si
543 4426 646 4474 minima
661 4434 686 4473 et
703 4424 909 4486 contemptabilia
920 4435 1004 4488 petrns
1015 4442 1072 4475 curn
1085 4426 1158 4477 fratre
1170 4445 1215 4478 suo
1226 4432 1324 4496 reliquit
1335 4435 1437 4497 quando
1465 4483 1469 4492 ,

302 4504 431 4553 audientes
443 4504 533 4552 Venite
545 4512 599 4568 post
616 4518 655 4551 me
672 4511 697 4550 et
714 4500 803 4549 faciam
816 4516 860 4549 vos
877 4501 929 4549 fieri
948 4502 1081 4566 piscatores
1098 4506 1236 4567 hominurn,
1249 4514 1332 4559 statim
1345 4512 1437 4564 relictis

303 4582 396 4630 retibus
407 4582 504 4646 sequuti
516 4590 573 4631 sunt
584 4596 650 4638 eum,
663 4578 769 4628 sednon
783 4577 1073 4629 minimasuntestimuta
1080 4584 1146 4646 apud
1155 4582 1436 4639 deumconsiderantem

302 4660 422 4721 quoniam
432 4676 463 4708 ex
475 4668 545 4709 tanta
556 4656 711 4723 plenitudine
724 4654 865 4705 dilectionis
882 4655 925 4705 illu
943 4657 1046 4707 minima
1063 4659 1231 4724 reliquerunt:
1249 4675 1276 4714 nt
1288 4666 1333 4715 etsi
1346 4669 1436 4717 multae

304 4735 446 4786 habuissent
466 4736 641 4802 possessiones,
660 4733 746 4783 omnia
764 4732 818 4783 sine
837 4733 915 4782 dubio
933 4735 1099 4799 reliquissent,
1120 4753 1167 4788 nec
1186 4740 1219 4789 ab
1237 4743 1273 4791 eis
1291 4745 1342 4793 ullo
1361 4750 1436 4800 modo

303 4814 394 4863 retenti
405 4813 508 4863 fuissent
519 4821 562 4862 aut
573 4811 687 4878 impediti
698 4811 731 4861 ab
743 4810 838 4875 impetu
849 4810 990 4863 dilectionis
1002 4812 1149 4866 huiusmodi.

369 4893 473 4944 BREV.
497 4892 607 4944 HERF.
1283 4900 1305 4949 F
