3600 5834
767 795 822 844 AD
849 794 1010 844 PRIMAM.

773 1140 833 1202 An
857 1152 1015 1201 rnrsrnsr.

296 1273 451 1353 Hminem
497 1275 511 1337 Ι
515 1295 568 1338 am
586 1274 668 1338 lucis
684 1283 758 1337 orto
773 1275 952 1337 sidere...²¹

295 1360 357 1422 'ln
380 1362 432 1421 die
458 1363 646 1425 nntim'tnte’s
665 1362 795 1425 deretini
814 1371 847 1423 et
866 1360 1010 1442 quotidie
1032 1382 1130 1441 usqne
1152 1362 1201 1425 ad
1222 1363 1492 1426 circumcisemmn

298 1447 496 1528 ndprimam
512 1449 675 1530 Hymnus.

643 1562 753 1626 Corde
768 1571 867 1625 natus
883 1582 927 1623 ex
945 1560 1091 1642 parentis

641 1648 734 1711 Ante
750 1648 865 1711 mundi
880 1648 1056 1710 exordium

644 1734 759 1816 Alpha
775 1747 808 1797 et
823 1756 865 1797 oo
881 1736 1137 1816 cognominatus

647 1822 723 1902 Ipse
739 1821 812 1883 sons
828 1832 861 1884 et
877 1821 1025 1883 clausula

645 1907 804 1970 Omnium
821 1928 886 1989 que
902 1919 988 1983 sunt,
1004 1908 1144 1986 fuerunt,

646 1994 786 2076 Queque
802 2007 876 2076 post
893 1995 1002 2057 sutura
1017 2005 1095 2057 sunt

732 2081 925 2146 Seculorum
941 2081 1067 2143 seculis.

648 2193 725 2274 lpse
741 2193 834 2256 iussit
850 2203 883 2256 et
899 2202 1009 2256 creata

648 2280 746 2342 Dixit
767 2281 838 2362 ipse
852 2291 886 2342 et
902 2290 978 2342 sunt
995 2276 1108 2352 sacta,†

646 2366 749 2429 Terra
764 2367 870 2429 celum
888 2366 975 2428 fossa
992 2368 1108 2447 ponthi
1208 2435 1212 2445 ¹

648 2453 751 2516 Trina
772 2474 878 2516 rerum
896 2453 1058 2520 machina.

648 2540 788 2621 Quoque
804 2541 836 2602 in
853 2540 904 2602 his
919 2542 1032 2619 vigent
1048 2540 1109 2602 sub
1124 2540 1193 2604 alto

649 2626 737 2690 Solis
752 2637 786 2690 et
802 2628 878 2689 lune
893 2625 995 2707 globo

736 2713 929 2777 Seculorum
946 2712 1071 2776 seculis.

647 2825 724 2887 Tibi
741 2824 861 2887 christe
876 2827 919 2888 sit
935 2847 1010 2888 cum
1027 2836 1121 2908 patre

647 2911 678 2973 A
683 2911 837 2994 giosque†
852 2913 968 2994 spiritu

649 2999 816 3079 Hymnus,
833 2999 947 3075 melos,
963 2999 1033 3062 laus
1050 3001 1203 3082 perennis

648 3084 840 3149 Gratiarum
857 3087 953 3163 acti0,

650 3173 770 3235 Honor
784 3175 886 3236 virtus
902 3183 935 3235 et
952 3183 1100 3253 potestas

651 3258 806 3340 Regnum
823 3260 1013 3322 eternaliter

737 3347 930 3410 Seculorum
947 3347 1118 3411 seculiS.*'

304 3475 360 3539 Ps.
377 3476 486 3539 cxviii.
533 3473 626 3537 Beati
644 3473 888 3537 immaculati...

532 3561 690 3624 Retribue
706 3582 801 3624 servo
817 3572 916 3623 tuo...
1048 3562 1129 3625 Ant.
1154 3563 1319 3627 Dominus
1342 3567 1495 3649 regim...

305 3648 396 3713 'Hec
419 3648 595 3729 antiphona
624 3649 747 3710 dicitnr
774 3649 822 3710 ad
840 3649 988 3730 primam
1018 3660 1113 3729 snper
1134 3651 1278 3730 psalmos
1299 3655 1499 3732 precedentes

389 3736 537 3797 omnibns
564 3735 736 3797 dominicis
763 3735 892 3816 qnando
920 3736 961 3798 de
987 3735 1149 3797 dominico
1174 3739 1290 3818 agitur
1313 3740 1354 3801 ab
1379 3744 1500 3805 octavis

389 3822 560 3903 emonam
573 3843 671 3903 usqne
685 3822 733 3884 ad
743 3822 1010 3901 septuagesimam
1032 3833 1064 3885 et
1084 3824 1125 3885 ab
1147 3826 1267 3887 octavis
1283 3826 1499 3891 sollemnitatis

390 3910 528 3990 corporis
541 3909 658 3971 christi
671 3928 769 3989 usqne
782 3908 831 3969 ud
841 3909 1017 3971 adventum
1033 3911 1166 3974 doneini.

303 3996 425 4060 Eodem
451 3996 542 4057 modo
564 3995 687 4057 dicitur
707 4016 838 4075 sequens
860 3995 1036 4075 antiphona
1052 3997 1087 4058 in
1100 3998 1198 4072 feriis
1218 3999 1346 4079 meando
1360 4001 1399 4063 de
1404 4002 1500 4080 ferm

391 4083 512 4163 agitur,
543 4083 612 4144 nisi
644 4082 732 4162 qnod
756 4081 797 4143 ab
826 4083 947 4144 octavis
975 4082 1146 4164 epmtam‘e
1173 4085 1305 4148 dicatur
1331 4108 1429 4169 usque
1458 4089 1507 4151 ad

389 4167 725 4251 quadrugese'nrnrri.”

304 4257 383 4319 Ant.
409 4257 500 4318 Deus
516 4257 639 4318 exaudi
655 4255 881 4318 orationem...

304 4343 491 4423 byrribolum
506 4340 682 4407 atlmnasii.
738 4341 936 4425 Quicunque
950 4342 1062 4406 vult...
1236 4345 1350 4410 Gloria
1365 4350 1458 4429 patri.

370 4502 381 4524 ⁸
399 4494 456 4541 Sar.
472 4493 496 4542 ii·
511 4503 551 4556 37,
564 4491 587 4543 U
601 4492 846 4555 Hymnnsdiccndus
857 4493 893 4540 ad
902 4494 1027 4541 Primam.
1064 4492 1097 4540 W
1108 4493 1153 4542 has
1165 4493 1214 4542 this
1226 4495 1302 4558 hymn
1313 4496 1393 4546 above
1406 4498 1439 4561 (p.
1461 4501 1487 4561 5)

369 4571 480 4621 bUhas
545 4571 579 4619 ln
589 4569 743 4633 simplicibus
746 4568 832 4632 seriis.
868 4566 901 4617 Α.
924 4570 1021 4618 Exaudi
1033 4571 1094 4619 deus
1105 4572 1242 4620 orationem
1260 4589 1339 4621 meam
1354 4612 1370 4623 ..

552 4648 586 4696 ln
600 4647 740 4695 dominicis
748 4647 883 4711 an'tusfit
893 4647 922 4695 dc
931 4654 1045 4711 ternpore.
1082 4650 1116 4696 A.
1137 4649 1262 4699 Dominus
1273 4651 1366 4714 regit...

369 4799 380 4896 2
395 4802 470 4916 1ῐῆιίἰ
482 4799 669 4916 graiffiesserin
687 4800 704 4847 l.
721 4811 758 4859 14,
774 4798 835 4848 HW
846 4799 883 4848 sol
895 4798 933 4847 ior
945 4813 998 4848 sors
1010 4817 1016 4855 ;
1034 4798 1083 4862 [ep.
1099 4798 1187 4849 Sarum
1199 4800 1297 4864 printed
1310 4804 1486 4869 Antiphonem]
