3600 5834
704 717 920 766 Ennomon
944 717 1088 766 uncae.
1451 731 1499 783 303

295 868 437 934 Clericus
473 871 516 951 ΚΖ.
540 869 693 932 Attende
723 870 874 931 dominea
911 868 1025 933 oleorus
1054 880 1274 952 prosequatur
1309 880 1412 935 totum
1452 894 1500 935 re·

378 957 577 1040 sponsoriuru
593 957 635 1019 ad
653 977 747 1019 me...

296 1040 436 1106 Clericus
452 1040 492 1126 V.
518 1044 707 1107 Recordare
723 1043 855 1125 quod...
982 1042 1112 1107 Clcorus.
1137 1043 1308 1126 Nunquid.

296 1128 438 1194 Clericus
453 1129 510 1206 V†.
535 1131 694 1214 Attende.
743 1130 866 1195 Clcorus
875 1140 1094 1212 prosequatur
1108 1140 1211 1193 totum
1227 1132 1470 1214 responsorium.

384 1216 525 1282 Clericus
540 1219 581 1295 V.
607 1218 659 1280 De
675 1238 731 1281 ore
748 1218 860 1280 leonio

781 1420 842 1482 Ao
866 1433 1013 1483 nonnis.

293 1549 373 1611 Aut.
398 1549 526 1615 Omnes
542 1551 789 1615 collaudant...¹
980 1552 1036 1614 Ps.
1062 1551 1235 1615 Mirabilia.

298 1634 493 1717 Capitulum.
518 1639 656 1721 Propter
678 1640 769 1721 quod
793 1650 826 1702 et
849 1640 932 1702 deus
956 1639 1121 1702 exaltauit
1145 1639 1237 1702 illum
1262 1651 1296 1702 et
1319 1640 1498 1703 donauit...

382 1724 593 1801 infernorum,
608 1737 641 1789 et
657 1726 766 1789 omnis
783 1727 897 1809 lingua
920 1727 1119 1790 confiteatur
1140 1728 1219 1808 quia
1235 1726 1389 1789 dominus
1413 1728 1501 1790 iesus

380 1812 520 1875 christus
536 1814 569 1874 in
585 1813 691 1896 gloria
706 1824 757 1875 est
772 1814 825 1875 dei
842 1815 968 1894 patris?

299 1895 440 1962 Clericus
454 1901 497 1981 ΚΖ.
522 1898 661 1963 Saluum
694 1921 748 1962 me
774 1899 844 1962 sacb
872 1901 986 1963 cleorus
1004 1911 1223 1981 prosequatur
1247 1910 1349 1963 totum
1377 1911 1501 1982 respou-

380 1987 504 2070 sarium
521 1986 603 2050 deus
619 1988 836 2068 quoniam...³

299 2068 440 2135 Clericus
455 2072 495 2149 V.
521 2074 664 2137 Intende
679 2076 831 2137 anime...
984 2072 1114 2138 Cliorus.
1141 2073 1192 2135 Ne
1208 2076 1360 2137 auertan⁴

298 2156 440 2222 Clericus
454 2160 496 2225 Io.
521 2159 671 2224 Saluum.
719 2160 843 2226 Clearus
850 2170 1070 2243 prosequatur
1084 2169 1185 2222 totum
1202 2161 1443 2241 responsorium.

298 2255 440 2321 Clericus
455 2244 495 2335 V.
521 2260 573 2323 Ne
588 2262 717 2342 perdas,

760 2474 821 2537 Ao
844 2486 1037 2537 vnspnnns.

295 2611 376 2673 Ant.
401 2609 497 2674 Sede.
982 2612 1038 2675 Ps.
1064 2610 1163 2674 Dixit
1178 2611 1343 2673 dominun
1428 2685 1434 2696 .

299 2697 494 2778 Capitulum.
519 2697 596 2762 Hoc
611 2698 732 2761 sentite
748 2698 780 2759 in
798 2697 900 2761 vobis.
969 2699 1025 2793 JV.
1049 2697 1299 2781 Cogitauerunt.

296 2796 458 2878 Hymnus.
482 2796 618 2859 Vexilla
634 2797 720 2878 regis
736 2797 911 2879 prodeunt.
959 2798 1000 2873 V
1025 2797 1199 2860 Dederunt
1210 2796 1243 2858 in
1256 2817 1367 2860 escam
1385 2815 1503 2860 meam.

295 2885 375 2946 Ant.
400 2883 589 2949 Occurrunt
604 2885 741 2949 turbe...
985 2884 1042 2947 Ps.
1067 2884 1271 2965 Magnificat.

300 2968 415 3035 Oratio
431 2982 468 3034 ut
480 2982 588 3052 supro.

689 3335 837 3398 FERIA
878 3334 1118 3399 SECUNDA.

296 3518 541 3585 luuitotorium.
564 3520 763 3584 AdoremuS.
984 3522 1039 3583 Ps.
1064 3520 1188 3583 Venite
1203 3520 1401 3584 exultemus,

295 3608 458 3689 Hymrucs.
483 3608 596 3690 Pange
612 3608 725 3690 lingua
741 3608 890 3690 gloriose.

792 3744 834 3806 Iu
850 3754 1010 3806 nocturno.

294 3857 375 3920 Ant.
400 3855 567 3920 Dominus
582 3854 744 3919 defensor.
982 3856 1037 3918 Ps.
1063 3855 1229 3917 Dominus
1247 3853 1453 3918 illuminatio,

296 3944 350 4006 *E
352 3953 366 4006 t
378 3954 478 4093 Vin}
489 3942 661 4092 autiplqouc
674 3964 748 4005 cum
762 3944 832 4005 suis
839 3942 982 4025 psalrru's
997 3943 1089 4005 illius
1095 3942 1234 4023 seree.*’

417 4081 424 4095 .
481 4050 538 4093 rue
553 4051 573 4092 a
602 4050 721 4094 ramea.

358 4365 369 4389 ²
387 4358 445 4405 Sar.
459 4356 475 4406 i.
490 4367 546 4419 757.
568 4355 628 4403 HW
639 4355 695 4419 give
708 4354 891 4417 continuously.
920 4353 953 4401 W
965 4351 1091 4402 Accende.

361 4434 454 4483 bHW
463 4434 520 4498 give
532 4432 710 4496 continuously.
792 4435 794 4438 ’

362 4561 371 4593 ¹
390 4562 451 4611 HW
463 4569 487 4611 et
498 4559 592 4610 dicent.
966 4555 977 4587 ³
995 4559 1014 4606 P
1026 4558 1066 4608 Ne
1077 4566 1183 4607 nuestus.

388 4629 407 4676 P
418 4627 538 4677 dicentes.
996 4624 1015 4671 P
1026 4639 1066 4672 me
1078 4621 1178 4672 domine
1189 4621 1250 4672 deus
1262 4636 1339 4671 meus.

361 4692 373 4723 ²
391 4693 452 4742 HW
463 4692 534 4740 illum
546 4688 671 4739 exultauit.
966 4687 976 4718 ⁴
994 4689 1019 4737 H
1034 4689 1093 4737 Non
1104 4696 1210 4737 suenus.

388 4759 420 4807 W
431 4756 508 4807 omits
518 4766 556 4806 est
566 4755 649 4805 before
661 4753 703 4804 dei
715 4753 800 4820 patris.
