3600 5834
512 763 563 813 IN
572 763 626 813 ΝΑ
633 764 723 813 mr
739 764 855 815 UNIUS
868 762 1144 814 EUANGELISTE.
1397 774 1428 827 33

228 915 335 979 Lectio
350 917 392 980 ix.
438 916 540 979 Binos
555 917 598 980 ad
615 916 854 999 predicandum
870 916 1050 998 discipulos
1067 917 1169 980 mittit
1184 925 1349 999 quatenus
1364 916 1427 979 hoc

319 1003 414 1066 nobis
437 1004 558 1066 tacitus
586 1004 702 1066 innuat
724 1006 802 1085 quia
818 1004 874 1085 qui
889 1005 1063 1066 caritatem
1087 1023 1166 1085 erga
1192 1003 1333 1066 alterum
1360 1022 1426 1066 non

315 1089 416 1152 habet
447 1091 680 1172 predicationis
710 1090 855 1152 officium
893 1091 1060 1173 suscipere
1096 1090 1284 1153 nullatenus
1319 1090 1428 1154 debet.

316 1177 407 1240 Bene
422 1187 535 1239 autem
550 1177 703 1239 subditur
718 1179 795 1258 quia
812 1177 900 1239 misit
916 1197 974 1239 eos
990 1178 1085 1240 binos
1101 1188 1178 1240 ante
1193 1174 1311 1240 faciem
1334 1197 1427 1239 suam

318 1264 351 1326 in
366 1284 501 1326 omnem
518 1265 686 1327 civitatem
704 1275 737 1327 et
752 1264 861 1327 locum
877 1265 934 1327 ubi
951 1265 1022 1346 ipse
1036 1274 1106 1326 erat
1122 1274 1304 1327 venturus.³

231 1352 265 1423 R
287 1350 373 1415 Cum
390 1350 641 1415 ambularent...
658 1372 707 1416 ea.
966 1352 1007 1412 ff
1024 1350 1109 1415 Cum
1126 1352 1374 1414 elevarentur...

1055 1436 1321 1520 Quocunqueb...

231 1521 304 1609 [Ps.
320 1524 370 1587 Te
387 1523 536 1607 Deum]e

360 1612 400 1674 ff
416 1611 607 1676 Constitues
622 1630 688 1675 eos

705 1857 749 1921 Iu
774 1871 970 1923 muomus

233 1997 316 2060 Ant.
340 1994 608 2061 DilectiDe01...
880 1996 937 2060 Ps.
963 1996 1129 2061 Dominus
1145 1997 1304 2079 regnavit.

233 2084 316 2147 Ant.
340 2083 568 2147 Dederunt²...
881 2083 939 2146 Ps.
962 2082 1117 2166 Jubilate.

236 2172 317 2234 Ant.
342 2170 398 2232 Ex
415 2171 506 2233 omni
522 2170 662 2233 corde...
881 2172 938 2233 Ps.
963 2170 1056 2233 Deus
1074 2171 1165 2233 Deus
1182 2191 1284 2235 meus.

235 2257 316 2320 Ant.
343 2256 499 2339 Implevit
515 2277 613 2320 eos...
880 2257 937 2319 Ps.
962 2259 1161 2320 Benedicite.

237 2345 269 2406 Α
275 2354 319 2408 nt.
344 2344 472 2407 Datum
488 2353 580 2406 est...
879 2345 937 2407 Ps.
961 2343 1122 2409 Laudate.

240 2430 314 2513 Cap.
360 2428 580 2496 Similitudo,d

234 2517 399 2598 Hymnus.
446 2517 587 2580 Exultet
603 2515 734 2581 celum.e
756 2515 776 2555 ⁴
788 2517 930 2600 Require
941 2516 975 2580 in
991 2515 1436 2600 cormnum'Apostolorune.”

324 2604 363 2665 ff
381 2603 679 2667 Annunciaverunt

238 2689 320 2753 Ant.
347 2689 385 2752 ln
403 2692 555 2755 medio...
860 2691 918 2755 Ps.
943 2692 1152 2755 Benedictus.

241 2778 358 2842 Oratio
364 2775 525 2859 proprios

717 3010 779 3075 Ao
803 3026 964 3080 mmnu.

238 3147 322 3211 Ant.
345 3107 467 3212 Dilecti
483 3149 548 3212 deo
590 3145 663 3231 [Ps.
680 3149 773 3214 Deus
789 3151 821 3214 in
839 3149 988 3236 nomine]

710 3407 771 3473 Au
798 3422 976 3474 rrnrmu.

238 3544 322 3608 Ant.
347 3543 528 3611 Dederunt
667 3544 739 3629 [Ps.
758 3547 883 3630 Legem
900 3544 1002 3633 pone]

240 3633 314 3715 Cap.
340 3633 558 3698 Similitudos
817 3640 849 3707 R
873 3636 911 3697 ln
927 3634 1090 3701 omnem.h

236 3719 292 3802 [V
308 3719 498 3785 Constitues

241 3807 358 3871 Oratio
374 3808 466 3870 Deus
482 3808 538 3890 qui
554 3808 690 3872 beatum
708 3804 756 3890 N]

302 4046 314 4072 ι
330 4039 363 4088 w
379 4058 403 4081 ¹
526 4039 552 4053 ”⁹

301 4117 314 4149 θ
332 4119 357 4167 Η
370 4038 698 4183 addidlbrilubuocunque
710 4117 759 4169 and
770 4119 840 4183 gives
852 4117 998 4170 altemative
1010 4121 1088 4172 music
1100 4123 1137 4173 sor
1149 4122 1191 4173 the
1203 4110 1227 4190 >l
1238 4127 1288 4177 and
1301 4125 1394 4177 Gloria.

302 4202 312 4225 ‘
329 4197 363 4244 W
389 4194 406 4246 ⁸.

300 4273 313 4304 '¹
332 4197 451 4325 Hilvff
461 4274 512 4339 Qul
525 4273 595 4324 timet
607 4275 682 4324 deum
694 4273 768 4325 saciet
780 4276 847 4325 bona
859 4287 884 4326 et
894 4278 937 4342 qui
954 4279 1087 4328 continens
1098 4291 1135 4329 est
1150 4281 1249 4344 justicie
1268 4283 1438 4347 apprehendet

234 4346 303 4398 illam
315 4360 340 4398 et
351 4352 465 4401 obviabit
476 4353 513 4401 illi
523 4354 593 4417 quasi
604 4362 683 4401 mater
696 4353 864 4404 honorifioeu.

301 4436 312 4458 ⁶
329 4429 355 4475 H
369 4428 413 4478 has
424 4431 442 4479 it
455 4431 480 4478 in
493 4430 537 4479 full
550 4431 615 4479 here.

301 4506 312 4536 ¹
325 4503 361 4555 0²
371 4516 398 4555 ut
408 4521 490 4573 supra.
525 4509 595 4557 Wfl.
609 4509 678 4557 Deus
688 4510 731 4573 qui
742 4505 841 4558 beatum
854 4508 888 4559 N.

299 4591 312 4622 ε
328 4582 408 4635 wo.²
424 4585 474 4648 Qui
487 4585 564 4634 omn
600 4581 635 4636 0¹
651 4587 682 4649 ru
693 4587 743 4635 ann
756 4574 779 4650 v
791 4588 823 4636 ue
835 4586 977 4638 Communi.
1015 4585 1039 4653 p
1055 4589 1155 4655 Apon]

302 4658 314 4690 ¹¹
333 4662 357 4710 Η
371 4651 726 4727 basldandfl'iniullhere.

303 4821 312 4855 ¹
329 4827 389 4876 WH
401 4827 452 4876 and
465 4830 485 4878 P
496 4827 682 4879 ordinaverunt.
1043 4830 1055 4863 ²
1073 4833 1092 4883 Ρ
1103 4834 1177 4885 omits
1187 4844 1232 4887 est.

367 4908 471 4957 BREV.
496 4908 605 4960 llERF.
1285 4917 1311 4968 D
