3600 5834
703 747 892 795 nnsronm
922 746 1065 822 πᾶσαν.

733 961 792 1022 Ao
816 973 1044 1024 amouimus,

289 1096 533 1170 ittut'tatorinru‚
549 1097 671 1177 hyunn',
686 1098 866 1178 antiphone,
873 1098 1000 1179 psalmi
1020 1108 1051 1160 et
1072 1119 1191 1170 versus,
1207 1108 1238 1160 et
1259 1107 1359 1159 cetera
1381 1093 1492 1157 omnia

377 1183 426 1245 ad
437 1185 618 1246 matutinas
631 1195 662 1247 et
676 1185 724 1247 ad
731 1206 838 1247 omnes
849 1185 936 1247 alt'as
950 1185 1048 1247 horas
1062 1185 1217 1247 dicuntur
1222 1192 1325 1265 prout
1338 1191 1495 1245 notantur

378 1270 412 1332 in
428 1272 531 1349 feriis
547 1281 623 1353 post
644 1271 822 1351 hystoriam
847 1272 992 1334 Domine
1015 1292 1056 1333 ne
1081 1273 1112 1333 in
1141 1273 1188 1333 ira
1214 1272 1375 1345 dicuntur,
1383 1278 1495 1351 preter

377 1357 521 1419 lectiones
564 1369 595 1421 et
631 1360 837 1440 responsoria,
876 1359 956 1441 quia
997 1359 1031 1420 in
1064 1359 1169 1438 feriis
1209 1358 1306 1420 istius
1343 1354 1496 1437 temporis

379 1444 533 1506 dicantur
582 1446 780 1527 responsoria
824 1446 863 1508 de
905 1446 1048 1527 hystoria
1092 1444 1281 1507 doun'nicali
1322 1442 1495 1506 secundum

378 1531 522 1594 ordinem
552 1542 583 1594 et
611 1532 757 1614 regulam
788 1533 822 1594 iu
846 1533 961 1613 prima
990 1532 1150 1595 dorninica
1180 1532 1340 1593 aduentus
1369 1528 1497 1592 dontini

378 1618 599 1699 assignatama
629 1619 675 1701 [p.
696 1618 769 1701 118]
780 1643 794 1692 ;
832 1619 883 1682 ’et
912 1639 983 1681 cum
1014 1639 1132 1682 neusse
1164 1619 1276 1698 suerit
1303 1625 1494 1699 repetantur.

383 1704 453 1766 Hoc
479 1716 603 1785 semper
623 1706 757 1787 prouisa
786 1707 874 1786 qnod
900 1707 1098 1787 responsoria
1113 1706 1257 1784 ferialia
1280 1705 1434 1767 dicautur
1459 1702 1494 1764 in

379 1791 542 1872 aliquibus
585 1792 696 1855 diebus
739 1790 880 1865 Diebusi
916 1793 1020 1872 series
1067 1803 1130 1873 per
1178 1792 1387 1854 ebdomadam
1433 1800 1496 1871 pro

378 1877 584 1958 dispositzone
598 1880 739 1941 cantoris
755 1879 813 1941 ubi
824 1880 1021 1942 conunodins
1027 1879 1157 1960 possint
1169 1879 1241 1955 dici,
1257 1878 1291 1940 si
1299 1878 1338 1940 de
1351 1876 1496 1957 hystoria

379 1964 569 2028 clonu'nnah'
574 1967 673 2046 prins
686 1966 807 2028 dictum
814 1966 976 2046 suerit.“
1265 1993 1266 1996 ¹

295 2050 395 2112 Feria
409 2053 555 2116 secunda.
579 2053 687 2114 Lectio
703 2053 741 2116 ib
766 2053 905 2116 Factum
923 2062 973 2116 est
996 2062 1108 2117 autem
1125 2073 1200 2115 cum
1225 2072 1314 2114 anna
1338 2048 1496 2131 multipli-

381 2140 648 2221 caret...penitus
664 2160 731 2202 non
748 2140 953 2203 audiebatur.

298 2224 403 2286 Lectio
434 2226 467 2288 ii.
492 2226 682 2289 Estimabat
712 2228 812 2308 igitur
841 2246 916 2290 eam
948 2225 1026 2307 hely
1050 2225 1496 2307 temulentam...conspectu

382 2312 518 2375 domini.

293 2396 400 2459 Lectio
416 2399 520 2462 tercia.
546 2399 576 2461 N
580 2420 598 2460 e
614 2401 915 2481 reputes...rogasti
931 2419 1016 2464 eum.

295 2484 347 2546 Tu
364 2495 476 2548 autem
492 2486 628 2548 domine
644 2488 804 2550 miserere.

295 2572 356 2633 An
383 2574 564 2635 matutinas
576 2573 647 2655 fiat
668 2574 823 2636 rnentoria
846 2574 884 2636 de
906 2594 1002 2637 cruce.
1047 2573 1126 2635 Ant.
1145 2574 1207 2635 Per
1229 2572 1361 2654 signum
1385 2570 1499 2633 crucis.

386 2657 424 2735 il.
450 2659 570 2723 Omnis
586 2671 673 2723 terra
688 2662 805 2723 adoret
829 2671 862 2723 te
881 2662 972 2723 deus.
1020 2659 1142 2724 Oratio.
1167 2661 1260 2723 Deus
1276 2660 1333 2739 qui
1349 2668 1499 2721 sanctam

384 2767 522 2809 crucem.

294 2831 361 2894 eDe
382 2832 443 2895 hac
467 2855 541 2895 nero
564 2835 718 2897 memoria
733 2844 766 2896 et
789 2834 828 2896 de
849 2834 928 2896 aliis
952 2834 1116 2896 ntemoriis
1132 2833 1320 2914 ferialibus,
1341 2842 1437 2913 atque
1462 2830 1501 2893 de

383 2921 517 2983 seruitio
540 2922 625 2983 beate
641 2922 745 2983 nearie
762 2922 893 2983 dicendo
909 2941 972 3002 per
991 2921 1049 2983 hoc
1069 2931 1199 3001 tenuius,
1215 2920 1292 2982 ordo
1315 2918 1504 3000 requiratur

385 3007 419 3068 in
427 3007 499 3088 fine
513 3008 703 3089 tenporalis.
749 3007 839 3088 (Vol.
856 3009 898 3089 ii.)

299 3092 511 3174 Adprimarn
527 3095 620 3157 etad
637 3115 745 3158 onmes
759 3095 845 3158 alitis
866 3095 965 3157 horas
978 3094 1088 3156 onmia
1102 3093 1195 3175 fiant
1208 3093 1292 3155 sicut
1314 3092 1348 3154 in
1363 3091 1501 3154 secunda

375 3181 471 3259 seria
478 3183 632 3262 proxima
647 3192 722 3263 post
736 3181 914 3263 hystoriam
932 3181 1078 3243 Domine
1094 3201 1136 3243 ne
1152 3180 1184 3242 in
1202 3180 1249 3242 ira
1264 3188 1364 3259 supra
1378 3178 1500 3241 dictum

383 3277 431 3329 est
444 3272 490 3349 (p.
507 3270 592 3349 220).

759 3480 820 3543 Au
842 3494 1035 3543 visamus.

297 3594 483 3675 Antiphone
496 3603 528 3656 et
538 3593 658 3667 psalmi
665 3593 811 3673 feriales.

301 3680 495 3763 Capitulum.
521 3682 687 3742 Dominus
703 3694 814 3741 aulem
832 3679 962 3761 dirigat.

299 3769 461 3848 Hymnus.
486 3769 654 3830 Immensc
669 3767 729 3829 celi
746 3767 907 3829 conditor.

364 3975 374 3996 ·¹
392 3965 428 4015 0¹³
444 3965 485 4014 Ad
508 3964 643 4013 matutinas
661 3980 720 4012 uero
737 3963 762 4012 in
779 3962 840 4011 feria
862 3962 976 4011 dicantur
999 3958 1155 4025 responsoria
1171 3959 1203 4008 de
1220 3958 1365 4008 dominicali
1382 3969 1503 4007 nocturno

493 4041 594 4105 quando
611 4041 643 4090 de
660 4040 737 4089 tercio
754 4050 877 4089 nocturno
894 4038 1018 4087 dicuntur.
1052 4038 1126 4086 Tunc
1144 4036 1186 4085 fiat
1203 4035 1306 4085 tercium
1324 4036 1355 4099 Rt
1371 4051 1447 4084 unum
1470 4034 1502 4084 de

494 4120 627 4169 ferialibus.

365 4197 378 4229 ¹'
396 4199 420 4247 ΙΙ
435 4199 516 4246 lectio
528 4199 545 4245 i.
567 4198 669 4245 Factum
681 4205 718 4244 est
729 4205 812 4244 autem
830 4210 885 4243 cum
906 4193 950 4242 iila
969 4191 1229 4257 multiplicaret...quo
1247 4190 1340 4240 madeo.
1375 4191 1413 4255 Κ.
1434 4190 1504 4239 Deus

493 4274 612 4323 omnium.

430 4355 510 4401 lectio
522 4354 551 4401 ii.
572 4350 737 4416 Respondeas
747 4359 831 4399 autem
842 4348 967 4397 anna...in
980 4356 1114 4412 conspectu
1125 4345 1229 4395 domini.

430 4431 511 4479 lectio
523 4431 563 4479 iti.
584 4430 623 4477 Ne
635 4427 792 4493 reputes...in
804 4426 883 4475 oculis
894 4426 950 4475 tuis.

429 4509 462 4556 W
478 4510 547 4571 gives
563 4524 596 4556 no
613 4508 708 4555 Iessons
727 4506 765 4554 till
784 4503 904 4567 Hystoria
919 4503 951 4552 de
971 4501 1101 4565 sapientia,
1115 4499 1260 4561 (Dominioa
1276 4498 1356 4565 primu
1375 4499 1502 4564 Augusti),

493 4587 537 4634 but
548 4588 617 4649 gives
628 4583 723 4633 rubrics
734 4581 884 4645 concerning
895 4581 938 4630 the
950 4578 1053 4628 historia
1064 4580 1135 4627 Deus
1144 4579 1267 4626 omm'mn.

365 4674 374 4694 ⁶
392 4662 425 4714 0¹
439 4664 471 4710 W
490 4664 579 4713 Postea
596 4662 629 4710 de
649 4662 724 4710 beata
742 4659 829 4719 maria,
850 4659 883 4707 ‹le
901 4657 1031 4722 apostolis,
1053 4656 1085 4706 de
1102 4657 1177 4705 beato
1197 4654 1346 4715 ethelberto,
1367 4654 1399 4703 de
1416 4664 1504 4704 sancto

496 4742 592 4800 thoma,
611 4740 643 4788 de
660 4738 819 4801 magdalena,
840 4736 872 4786 de
893 4733 1012 4799 reliquiis,
1030 4735 1062 4784 de
1083 4732 1199 4783 omnibus
1219 4733 1320 4792 sanctis,
1341 4731 1373 4781 de
1392 4746 1463 4797 poce,
1476 4741 1504 4781 ut

493 4834 568 4883 supra
578 4826 698 4866 notantur
710 4817 734 4864 in
747 4813 857 4865 crastino
869 4824 1015 4863 octonarum
1027 4809 1178 4876 epyphanie.
1214 4808 1250 4861 0²
1259 4810 1329 4874 gives
1339 4808 1384 4859 iuli
1394 4824 1460 4860 cues.
