3600 5834
470 756 519 806 IN
530 756 583 806 NA
589 758 679 807 TALI
691 758 953 811 PLURIMORUM
968 760 1246 811 CONFESSORUM.
1428 773 1459 826 73

265 906 346 970 Tres
367 908 512 972 lectiones
532 910 685 992 legantur
704 912 743 975 de
762 912 959 994 supradictis
979 934 1119 994 quarum
1137 914 1252 993 prima
1273 913 1321 976 sic
1340 914 1460 996 incipit.

348 994 468 1060 Servus
484 998 540 1078 qui
556 998 733 1081 geminata„

266 1080 348 1144 Tria
363 1084 562 1163 responsoria
576 1085 615 1147 de
628 1086 776 1167 predicta
793 1083 932 1148 historia
954 1087 1054 1149 unius
1074 1085 1264 1165 confessam}
1278 1108 1341 1151 nan
1349 1089 1460 1171 pauti-

335 1168 416 1250 ficis
431 1171 487 1231 uel
496 1170 623 1234 abbatis
630 1182 694 1252 per
706 1172 851 1235 ordinem
866 1173 1028 1237 dt‘cuntur.

262 1252 293 1330 V
315 1255 448 1337 Justum
464 1256 607 1321 deduxit
623 1259 797 1323 DominuS.

727 1518 772 1581 [Ν
796 1530 995 1582 Luumssus.

260 1651 332 1713 Hac
344 1651 412 1715 sala
426 1650 603 1734 antiphona
617 1653 750 1734 Justum
767 1653 917 1717 deduxit.
1041 1654 1095 1717 Ps.
1121 1655 1286 1717 Dominus
1303 1656 1460 1739 regnavit.

264 1739 460 1821 Capitulum,
483 1740 638 1820 Hymnus
659 1750 691 1803 et
711 1750 813 1804 cetera
839 1741 886 1803 ad
906 1742 1088 1804 matutinas
1109 1752 1147 1804 ut
1169 1743 1203 1803 in
1227 1745 1334 1806 natali
1362 1745 1461 1805 unius

346 1827 537 1908 confessoris
550 1847 613 1890 aaa
620 1828 787 1911 pontificis
801 1829 856 1890 uel
866 1829 993 1891 abbatis
1008 1849 1118 1892 novem
1135 1829 1310 1893 lectianmu.

737 2061 798 2124 AD
825 2075 981 2125 PRIMAM.

260 2199 290 2261 Α
296 2209 339 2261 nt.
387 2198 463 2261 Non
480 2208 530 2262 est
546 2199 707 2262 inventus

732 2432 793 2496 An
817 2446 995 2496 TERTIAM.

258 2569 341 2634 Ant.
364 2569 487 2633 Fidelis
502 2590 624 2637 servuS.

736 2803 797 2867 AD
822 2817 982 2867 saxium,

261 2945 340 3008 Ant.
364 2912 488 3009 Beatus
503 2964 623 3007 servus.

750 3172 810 3236 Αι)
835 3186 982 3236 NONAM.

259 3317 339 3379 Aut.
365 3313 474 3378 Serve.

261 3505 293 3568 A
297 3505 325 3567 d
335 3503 396 3565 has
409 3501 506 3564 haras
520 3498 695 3581 capitulum
707 3496 958 3577 Responsarium
974 3505 1005 3557 et
1019 3516 1130 3558 versus
1145 3504 1289 3577 utsupra
1304 3495 1339 3557 in
1355 3499 1464 3560 natali

350 3589 450 3652 unius
464 3587 654 3670 confessoris
668 3607 730 3648 nau
738 3585 904 3668 pontificis
919 3584 971 3646 vel
982 3583 1108 3646 abbatis
1120 3604 1230 3645 navem
1242 3583 1459 3647 lcctt'onum.**

348 4195 398 4258 IN
430 4193 616 4258 NATALI
650 4192 980 4259 PLURIMORUM
1013 4189 1380 4258 CONFESSORUM.

714 4403 788 4466 'AD
803 4417 996 4467 VESPERAS.

264 4545 295 4607 A
301 4542 449 4625 utplzane
463 4550 494 4604 et
499 4540 628 4623 psalmi
631 4539 777 4621 feriales.

263 4632 339 4714 Cap.
365 4630 411 4694 Hi
435 4638 512 4692 sunt
535 4628 593 4690 viri
616 4628 836 4690 misericordie
858 4648 998 4709 quorum
1020 4627 1144 4709 justitie
1167 4626 1367 4689 oblivionem
1395 4645 1460 4686 non

348 4726 566 4798 acceperunt:
588 4734 663 4776 cum
680 4715 805 4778 semine
821 4735 935 4778 eorum
952 4726 1147 4798 permanent
1170 4716 1274 4777 bona:
1296 4712 1461 4776 hereditas

348 4815 464 4868 sancta
479 4812 617 4886 nepotes
633 4821 756 4866 eorum.
