3600 5834
359 729 392 788 48
517 728 566 778 ΙΝ
582 729 730 779 NATALI
753 730 870 782 umus
889 731 1087 780 MARTYRIS
1107 731 1164 780 ET
1181 730 1400 781 PONTIFICIS.

363 982 935 1066 INLAUDIBUshecsolaantiplzone.
971 984 1037 1067 Qui
1048 1006 1101 1048 me
1111 984 1287 1048 confessus,
1321 984 1377 1047 Ps.
1396 982 1564 1046 Dominus

447 1073 596 1221 reglnatuit
614 1082 646 1134 et
660 1082 762 1135 cetera
780 1073 829 1135 ad
846 1072 1028 1136 matutinas
1046 1072 1136 1135 utin
1155 1071 1265 1135 natali
1284 1071 1384 1134 unius
1405 1071 1564 1149 martyris

449 1180 486 1221 tx
509 1179 542 1221 ec
556 1180 673 1221 renum.

837 1439 896 1503 ΑΙ)
929 1453 1085 1503 summu.

361 1579 440 1643 Ant.
466 1576 532 1660 Qui
548 1576 720 1659 sequitur.a

833 1808 892 1872 ΑΙ)
916 1823 1094 1874 summu.

363 1946 393 2009 Α
399 1956 443 2010 nt.
467 1944 503 2011 Si
519 1946 592 2027 quis
608 1945 714 2010 mihi.a

839 2181 899 2245 ΑΙ)
926 2195 1087 2246 εΕΙΙΙΑΜ.

364 2319 443 2383 Ant.
467 2317 534 2402 Qui
551 2318 656 2383 mihi.a

826 2550 887 2616 ΑΙ)
911 2566 1058 2617 Nouum.

362 2690 443 2755 Ant.
466 2689 555 2754 Volo
572 2691 693 2754 Pater.a

367 2777 516 2861 capitula
545 2776 760 2860 Responsorziz
799 2775 917 2841 Versus
945 2787 984 2839 ut
1011 2776 1046 2840 in
1077 2774 1186 2840 natali
1212 2775 1311 2840 anim
1341 2777 1497 2853 martyris
1529 2778 1568 2843 ix

450 2865 618 2927 lecttimum
633 2866 682 2926 ad
691 2864 788 2926 horas
802 2863 1007 2928 dt'cuntun‘*

364 3240 438 3307 'IN
476 3240 662 3306 NATALI
702 3238 855 3307 UNIUS
895 3238 1148 3307 MARTYRIS
1185 3239 1246 3307 ET
1281 3239 1563 3308 PONTIFICIS.

367 3396 488 3460 Oratio.
513 3394 744 3459 Infirmitatem
783 3405 930 3459 nostram
969 3396 1095 3477 respice
1132 3415 1312 3479 quesumus
1349 3396 1563 3478 omnipotens

453 3484 545 3547 Deus
576 3493 609 3545 et
640 3484 719 3564 quia
752 3483 882 3565 pondus
921 3484 1051 3564 proprie
1088 3485 1228 3546 actionis
1260 3491 1376 3565 gravat
1410 3481 1499 3546 beati
1532 3482 1565 3545 N

451 3571 605 3651 martyris
642 3571 690 3633 tui
728 3583 828 3652 atque
873 3569 1037 3650 pontificis
1082 3571 1271 3633 intercessio
1315 3570 1458 3653 gloriosa
1502 3590 1564 3633 nos

451 3666 611 3739 protegat.
659 3658 720 3720 Per
736 3656 929 3719 Dominum.

366 3832 414 3896 Et
436 3833 470 3896 si
482 3835 595 3915 suerit
610 3837 735 3915 festum
762 3835 799 3897 ix
822 3836 991 3898 lectionum
1018 3845 1094 3899 tunc
1115 3846 1182 3899 tota
1207 3847 1355 3899 cantetur
1374 3836 1513 3900 historia
1529 3847 1567 3899 ut

450 3933 549 4003 supra
572 3922 606 3984 in
634 3922 742 3984 natali
763 3924 861 3984 um'us
887 3924 1044 4003 ruarmm's
1066 3945 1129 3986 non
1147 3924 1312 4005 pontificis
1337 3924 1374 3985 ix
1396 3926 1565 3986 lectionum

450 4029 521 4070 cum
536 4009 589 4070 ln's
602 4009 812 4072 Lectionibus.

364 4094 473 4157 Lectio
503 4096 522 4157 i.
554 4096 641 4157 Veni
679 4096 786 4177 inquit
820 4096 974 4157 dominus
1012 4116 1163 4177 separare
1200 4095 1369 4159 hominem
1408 4097 1565 4159 adversus

452 4191 579 4266 patrem
607 4203 703 4244 suum
730 4192 763 4244 et
788 4181 888 4244 filiam
917 4183 1072 4245 adversus
1097 4193 1236 4246 matrem
1263 4203 1357 4246 suam
1384 4194 1418 4246 et
1445 4203 1565 4247 nurum

453 4270 609 4330 adversus
633 4290 761 4330 socrum
788 4290 882 4331 suam
906 4278 940 4330 et
964 4269 1086 4330 inimici
1114 4270 1257 4332 hominis
1284 4271 1457 4333 domestici
1484 4272 1565 4334 eius,

453 4356 560 4417 Totus
596 4356 684 4418 orbis
721 4365 836 4417 contra
866 4376 902 4417 se
931 4356 1056 4417 divisus
1093 4368 1152 4432 est,
1183 4376 1313 4439 queque
1349 4359 1492 4434 domus;
1530 4369 1564 4420 et

453 4441 601 4504 infideles
624 4442 787 4504 habentur
810 4452 842 4504 et
866 4461 932 4503 non
963 4442 1134 4505 credentes
1161 4454 1194 4505 et
1221 4445 1296 4506 ideo
1323 4444 1446 4507 bellum
1474 4464 1564 4506 com-

454 4531 590 4591 missum
617 4539 667 4590 est
692 4530 815 4591 bonum
841 4538 878 4590 ut
903 4539 1109 4609 rumperetur
1138 4550 1207 4612 pax
1237 4531 1333 4593 mala.
1380 4531 1445 4612 Qui
1472 4539 1565 4593 amat

452 4627 580 4697 patrem
608 4627 666 4678 aut
693 4626 831 4677 matrem
860 4615 935 4697 plus
961 4633 1062 4696 quam
1091 4637 1144 4680 me
1171 4636 1237 4681 non
1264 4627 1316 4681 est
1342 4637 1396 4680 me
1422 4619 1564 4700 dignus;

825 4803 837 4827 ¹
856 4795 882 4845 H
894 4796 964 4860 gives
975 4795 1019 4846 sull
1031 4812 1096 4848 coes.
