3600 5834
694 735 742 785 IN
755 735 903 785 NATALI
921 736 1034 787 UNIUS
1058 736 1224 785 VIRGINIS

840 1002 901 1065 Ar>
925 1014 1086 1065 ssxranr.

363 1133 445 1197 Ant.
469 1133 583 1198 Sancti
604 1134 735 1217 spiritus
762 1142 795 1198 et
819 1135 929 1197 anime
952 1135 1111 1197 iustorum
1135 1133 1297 1214 hymnum
1321 1132 1419 1196 dicite
1440 1132 1504 1195 deo
1529 1133 1560 1195 in

450 1231 608 1285 eternum.

367 1306 440 1390 Cap.
465 1309 643 1372 Generatio
657 1329 770 1371 eorum
786 1318 820 1372 et
836 1307 941 1392 gloria
951 1327 1064 1370 eorum
1081 1327 1147 1368 non
1161 1306 1413 1387 derelinquetur,
1424 1327 1563 1389 corpora

451 1416 564 1459 eorum
591 1398 624 1459 in
650 1416 731 1479 pace
761 1396 891 1478 sepulta
917 1404 995 1458 sunt
1018 1404 1052 1458 et
1076 1395 1194 1457 vivent
1218 1396 1354 1456 nomina
1383 1414 1496 1456 eorum
1528 1396 1561 1456 in

450 1493 610 1548 eternum.

851 1748 912 1811 An
937 1760 1082 1812 nonan.

364 1887 444 1949 Ant.
469 1883 679 1948 Exultabunt
694 1884 840 1947 sancti...

368 1973 440 2055 Cap.
465 1971 669 2053 Sapientiam
701 1981 888 2034 sanctorum
913 1971 1092 2034 narrabunt
1114 1991 1230 2033 omnes
1254 1972 1366 2055 populi
1390 1982 1423 2036 et
1447 1972 1562 2034 laudes

450 2080 562 2122 eorum
579 2060 770 2141 pronuntiat
785 2060 893 2129 omnis
909 2059 1046 2121 ecclesia
1061 2070 1257 2121 sanctorum.

413 2732 462 2794 IN
495 2729 679 2793 NATALl
715 2728 866 2794 UNlUS
905 2728 1126 2794 VlRGlNlS
1165 2730 1226 2827 ET
1266 2728 1520 2793 MARTYRlS

707 2841 878 2905 NOVEM
916 2842 1214 2907 LECTIONUM.

829 3054 890 3117 An
913 3068 1104 3119 vasruuas.

365 3190 445 3254 Ant.
472 3192 540 3254 lsta
563 3199 612 3253 est
636 3191 728 3274 virgo
754 3191 886 3272 sapiens
911 3212 1010 3272 quam
1034 3191 1188 3254 dominus
1215 3191 1340 3255 invenit
1364 3190 1566 3273 vigilantem,

452 3299 517 3360 que
548 3287 684 3359 accepta
714 3278 868 3359 lampade
898 3279 1040 3359 sumpsit
1069 3299 1181 3341 secum
1212 3278 1321 3340 oleum
1349 3288 1382 3340 et
1413 3278 1565 3339 veniente

453 3365 590 3427 domino
605 3365 750 3428 introivit
765 3385 841 3427 cum
857 3385 898 3427 co
914 3365 955 3427 ad
973 3365 1112 3446 nuptias
1158 3366 1292 3427 Psalmi
1295 3365 1443 3445 feriales.

369 3450 442 3532 Cap.
467 3452 611 3515 Domine
628 3452 750 3513 deus...
1086 3454 1121 3533 R]
1145 3452 1299 3534 Regnum
1317 3452 1440 3513 mundi.

367 3539 528 3617 Hymnus.
552 3538 699 3621 Virginis
716 3538 864 3619 proles..
1084 3537 1117 3615 >V
1142 3539 1272 3601 Diffusa
1287 3550 1345 3601 est.

365 3626 395 3686 Α
403 3635 444 3687 nt.
470 3625 585 3689 Simile
600 3636 650 3687 est
666 3638 865 3707 regnum...a
1084 3626 1136 3687 Ps.
1162 3625 1362 3708 Magnificat

370 3712 491 3775 Oratio.
517 3714 609 3775 Deus
625 3714 680 3794 qui
699 3714 782 3774 inter
797 3722 906 3791 cetera
917 3712 1064 3793 potentie
1077 3721 1132 3774 tue
1143 3713 1299 3774 miracula
1315 3713 1414 3774 etiam
1432 3710 1463 3772 in
1481 3731 1565 3773 sexu

453 3799 557 3882 fragili
588 3800 756 3862 victoriam
789 3800 935 3880 martyrii
965 3800 1141 3875 contulisti,
1163 3800 1307 3861 concede
1339 3799 1499 3880 propitius
1531 3809 1566 3861 ut

453 3887 546 3967 cujus
563 3887 717 3948 natalicia
739 3886 876 3949 colimus
899 3907 958 3968 per
980 3886 1051 3967 ejus
1075 3886 1116 3949 ad
1140 3896 1173 3949 te
1196 3886 1353 3969 exempla
1368 3885 1565 3968 gradiamur.

454 3974 516 4035 Per
531 3974 713 4034 dominum.

367 4059 387 4095 ¹*
398 4058 456 4123 Vel
467 4061 571 4122 oratio
579 4057 767 4142 proprt‘a.“

807 4314 867 4377 An
892 4329 1121 4380 nmrurruns

366 4451 607 4516 Invitatorium.
633 4452 771 4534 Agnum
788 4474 947 4535 sponsum
964 4454 1169 4536 virginum...
1301 4454 1358 4518 Ps.
1382 4454 1513 4519 Venite.

366 4541 526 4621 Hymnus.
551 4540 697 4624 Virginis
713 4540 829 4621 proles.

398 4800 411 4827 ⁸
426 4794 498 4845 with
510 4794 552 4845 the
564 4794 618 4846 filrh
631 4795 724 4861 ending
735 4796 764 4846 ol
773 4795 815 4846 tlre
827 4795 879 4846 first
891 4804 950 4846 tone
961 4804 1005 4846 not
1019 4796 1061 4846 the
1071 4797 1162 4847 second
1175 4813 1202 4847 as
1214 4796 1311 4848 Sarum.
