3600 5834
346 726 391 776 126
553 729 768 780 EBDOMADA
791 732 929 783 TERTIA
948 736 1158 789 ADVENTUS
1175 739 1325 789 DOMINI.

826 1046 884 1107 Ao
910 1060 1056 1111 Nomii.

287 1257 289 1261 ν
341 1226 422 1289 Aut.
444 1227 538 1308 Juste
554 1238 587 1291 et
604 1229 663 1310 pie.
1035 1235 1091 1297 Ps.
1116 1236 1290 1299 Mirabilia.

344 1310 536 1393 Capitulum.
577 1315 728 1378 Nolite...

800 1590 860 1654 Ao
883 1605 1075 1657 visimus.

343 1771 420 1833 Ant.
446 1771 534 1835 Sede
549 1793 569 1835 a
585 1773 720 1836 dextris,
1068 1776 1124 1840 Ps.
1149 1778 1247 1841 Dixit
1263 1778 1428 1843 dominus.

344 1856 539 1939 Capitulum.
564 1858 618 1923 Sic
634 1880 703 1923 nos,

343 1942 404 2016 ’3.
428 1945 480 2007 Tu
496 1966 663 2029 exurgens
677 1948 732 2009 vel
742 1952 781 2020 R.
799 1948 942 2011 Festina.

345 2030 503 2111 Hymnus.
528 2035 689 2097 Conditor
705 2035 791 2097 alme
804 2036 958 2099 siderum.

340 2120 379 2181 ff.
405 2119 528 2182 Rorate
545 2117 672 2182 celim*a

340 2205 419 2268 Aut.
446 2205 536 2269 Ite...
1037 2211 1094 2275 Ps.
1119 2212 1321 2294 Magnificat

345 2289 458 2355 Oratio
470 2304 507 2354 ut
520 2305 626 2374 supro.

342 2553 461 2617 *Fen'o
475 2554 613 2618 secundo
636 2555 734 2617 tertia
754 2566 786 2617 et
806 2556 925 2637 quinto
948 2558 1147 2637 responsorio
1166 2571 1226 2641 per
1246 2564 1390 2627 ordiumu
1414 2576 1538 2628 noctur-

426 2664 540 2704 norum
556 2642 695 2721 hystorie
709 2642 916 2705 dominicali&
931 2643 1151 2707 dt'cuntur.”b

730 2973 875 3037 FERIA
908 2974 1146 3039 SECUNDA.

336 3188 443 3250 Lectio
458 3189 493 3251 ic
517 3189 656 3269 Propter
676 3186 1176 3271 indignationem...congreget

336 3275 443 3339 Lectio
457 3275 491 3337 ii.
516 3274 921 3355 Unusquisque...gladio.

336 3362 443 3425 Lectio
459 3362 506 3425 iii.
532 3360 976 3425 Infantes...misercbuntur.
1217 3359 1258 3437 V.
1282 3362 1416 3426 Emitte.

808 3614 852 3676 ΙΝ
878 3626 1073 3677 Lroonms.

335 3799 416 3860 Ant.
440 3797 527 3859 Ecce
544 3792 694 3855 veniet...
991 3794 1047 3857 Ps.
1073 3794 1235 3856 Miserere.

337 3885 414 3947 Aut.
439 3884 529 3946 Dum
547 3881 713 3943 venerit...
992 3881 1047 3942 Ps.
1071 3881 1192 3943 Verba.

399 4091 409 4111 ³
429 4080 455 4129 H
467 4079 512 4128 has
523 4080 553 4140 Κ·
566 4079 716 4141 Hymuuset
728 4066 751 4139 Ῠ
765 4085 794 4125 ut
804 4086 887 4139 supra.

400 4159 412 4190 ¹³
429 4156 464 4207 Ο9
477 4157 548 4205 Feria
559 4157 668 4205 secunda
680 4156 706 4204 in
715 4156 789 4219 plena
797 4156 938 4204 ebdomada
946 4164 1004 4206 ante
1012 4155 1124 4219 uigiliam
1133 4157 1224 4206 natalis
1232 4157 1336 4207 domini.
1351 4159 1384 4208 Et
1395 4161 1531 4208 notandum

334 4238 402 4303 quod
422 4237 468 4285 iste
486 4235 584 4298 proprie
602 4235 689 4282 laudes
708 4233 823 4282 dieantur
842 4232 868 4281 in
890 4233 966 4282 tercia
986 4235 1061 4298 plena
1081 4234 1221 4283 ebdomada
1239 4244 1298 4284 ante
1316 4235 1426 4299 uigiliam
1445 4239 1534 4285 natalis

335 4315 429 4364 domini
446 4313 550 4376 singulis
567 4312 655 4361 diebus
675 4311 722 4359 nisi
742 4310 822 4359 maius
838 4310 928 4359 festum
946 4326 1037 4361 nouem
1055 4310 1189 4361 lectionum
1207 4323 1335 4362 occurrat:
1352 4324 1411 4363 tunc
1426 4314 1532 4363 detesto

333 4392 421 4458 agitur,
435 4393 522 4440 laudes
533 4390 564 4437 tle
577 4389 637 4437 seria
649 4389 815 4437 dimittuntur.

399 4479 408 4500 s
425 4471 483 4519 Sor.
497 4469 512 4516 i.
531 4479 584 4529 151.
623 4468 648 4515 H
661 4468 707 4515 ims
718 4467 755 4515 sor
768 4467 861 4515 lessons

513 4545 526 4592 i.
548 4546 642 4593 Ecceca
655 4561 697 4592 cor
715 4581 721 4591 .
742 4581 748 4591 .
769 4580 775 4591 .
796 4579 801 4590 .
822 4543 875 4592 sine
886 4543 997 4595 homine.
1012 4546 1070 4593 Sar.
1085 4545 1100 4593 i.
1115 4556 1156 4605 94.

503 4623 527 4671 ii.
549 4623 659 4670 Etterra
677 4658 682 4668 .
703 4658 708 4669 .
731 4657 737 4670 .
757 4657 764 4670 .
784 4621 809 4669 in
821 4637 858 4669 ea.

495 4700 529 4747 iii.
551 4699 584 4748 Et
597 4697 711 4747 sactum.
732 4735 738 4747 .
759 4734 765 4747 .
787 4734 793 4745 .
813 4697 899 4746 efrain.

430 4780 480 4828 and
491 4778 547 4842 give
558 4791 616 4826 cues
627 4775 656 4824 os
670 4774 712 4824 the
727 4775 864 4838 Responds.
