3600 5834
533 761 724 810 DOMINICA
743 761 864 810 I’erlLl
883 761 1094 811 ADVENTUS
1109 761 1260 810 DOMINI.
1454 775 1499 825 103

770 1029 831 1090 Ao
854 1041 1033 1093 reamari.

298 1167 457 1246 Hymnus.
482 1168 580 1229 Nunc
596 1175 709 1229 sancte
726 1166 830 1228 nobis

296 1255 377 1318 Aut.
402 1254 592 1317 locundare.
724 1253 780 1315 J’s.
806 1253 931 1334 Legem
949 1272 1036 1333 pone
1053 1252 1142 1314 'curn
1160 1253 1272 1315 Gloria
1288 1253 1382 1334 patri.

726 1340 782 1401 Ps.
809 1340 940 1401 Memor
954 1351 1027 1401 esto
1042 1361 1113 1400 eum
1131 1340 1244 1403 Gloria
1260 1341 1354 1421 patri.

725 1428 781 1488 Ps.
806 1426 996 1488 llonitatem
1012 1447 1084 1487 eum
1102 1426 1215 1490 Gloria
1230 1429 1326 1508 patri.

300 1514 494 1596 capitulum.
520 1514 613 1576 Hora
629 1523 679 1575 est
696 1513 769 1576 iam.

298 1600 390 1663 *Hoc
406 1601 590 1682 ,capitulum
614 1600 770 1663 similiter
794 1599 919 1662 dicitur
939 1600 987 1661 ad
1008 1600 1164 1661 secundas
1190 1612 1357 1682 vesperas:
1390 1611 1421 1662 et
1445 1600 1502 1662 hoc

383 1688 567 1750 observetur
587 1699 650 1768 per
674 1697 776 1748 totum
802 1708 927 1748 nurerum
958 1687 992 1747 iu
1023 1687 1194 1748 darin'rzicis
1219 1687 1330 1749 diebus
1353 1697 1384 1749 et
1400 1688 1502 1767 festis

385 1796 495 1837 novem
508 1774 686 1850 lectionum,
697 1774 783 1854 qumi
794 1773 971 1854 capitulum
986 1772 1074 1853 quod
1084 1772 1262 1835 diciturad
1274 1775 1455 1836 erratutinas
1465 1774 1501 1836 in

383 1861 544 1937 laudibus,
557 1872 680 1942 semper
698 1861 829 1922 dieotur
847 1860 896 1921 ad
914 1860 1046 1920 tertiam
1068 1869 1098 1922 et
1119 1860 1167 1921 ad
1183 1862 1338 1922 secundas
1357 1872 1504 1942 vesperas

385 1950 516 2030 exeeptis
537 1948 707 2010 donu'm'cis
728 1947 769 2009 ab
790 1947 911 2008 octavis
933 1946 1099 2027 epiphanie
1120 1968 1216 2028 usque
1242 1947 1290 2009 ad
1308 1948 1501 2030 septuagesi-

387 2045 522 2097 montet
540 2056 561 2095 o
576 2036 664 2114 festo
681 2034 844 2096 trim'tatis
859 2054 958 2113 usque
970 2033 1019 2094 ael
1029 2034 1204 2095 adventum
1227 2035 1355 2096 dorm'm'
1374 2035 1502 2115 quaudo

385 2123 424 2184 de
437 2122 599 2184 donu'm'ea
614 2121 735 2202 agitur,
751 2130 781 2182 et
796 2120 864 2181 rusi
869 2132 932 2202 per
944 2119 1175 2183 hebdomadam
1184 2130 1382 2201 pentecostes,
1391 2130 1423 2184 et
1436 2122 1506 2184 eresi

386 2211 421 2270 in
443 2209 590 2270 secundis
612 2208 750 2289 vesperis
771 2207 871 2268 unius
891 2208 1080 2286 confessores
1103 2218 1133 2269 et
1150 2209 1316 2290 pontificis
1332 2208 1501 2290 propriam

385 2294 556 2358 historiam
573 2316 634 2356 non
657 2294 850 2356 hahentes.”

304 2383 452 2448 Clericus,
476 2383 564 2445 Veni
580 2383 621 2444 ad
640 2381 888 2444 liberandum...
1027 2380 1150 2444 Chorus
1165 2381 1249 2443 idem
1266 2391 1392 2460 repetat.

303 2470 497 2534 Clericustl.
523 2470 568 2532 Et
584 2469 764 2531 ostende...
1026 2467 1155 2531 Chorus.
1182 2469 1326 2530 Domine
1341 2469 1431 2531 deus.

304 2556 450 2621 Clericus.
475 2557 596 2620 Gloria.
1025 2553 1149 2618 Clzorus
1162 2559 1201 2627 R.
1225 2555 1310 2617 Veni
1328 2555 1378 2617 ad.

405 2644 546 2708 Clericus
560 2645 599 2705 ts.
623 2642 846 2704 Timebunt...
1024 2645 1064 2714 R.
1089 2643 1134 2705 Et
1149 2662 1274 2705 omnes,

304 2731 419 2795 Oratio
434 2740 591 2812 utsupra.

300 2817 391 2881 *He
418 2816 494 2879 ordo
519 2826 666 2879 servetur
688 2816 723 2877 in
750 2815 897 2877 ornm'hus
924 2816 1131 2897 responsoriis
1161 2837 1231 2877 cum
1260 2816 1331 2879 suis
1359 2816 1505 2879 versibus

387 2915 483 2984 super
510 2904 601 2966 horis
630 2903 774 2965 di'cendzs
796 2914 859 2984 per
888 2911 989 2964 totum
1019 2923 1143 2964 atinum
1173 2912 1265 2964 extra
1293 2904 1502 2985 qieadragesi·

388 2989 524 3053 rrrarri.”

778 3241 840 3304 Ao
867 3255 1026 3304 sexrnrr.

302 3383 463 3463 Hymnus.
489 3381 613 3443 Rector
627 3391 755 3462 potens

301 3472 380 3532 elnt.
405 3470 493 3532 Ecce
509 3469 672 3530 dominus.
847 3466 903 3528 Ps.
928 3466 1067 3528 Deiecit.

824 3552 900 3615 *Ps
926 3553 1107 3634 Quomodo
1123 3552 1236 3615 dilexi.

848 3640 904 3701 Ps.
931 3640 1074 3721 Iniquos

302 3730 349 3793 Et
356 3739 431 3809 post
446 3747 702 3809 seriumquemque
707 3727 875 3807 psalmum
890 3727 1014 3788 dieitur
1028 3725 1142 3790 Gloria
1159 3726 1296 3807 patris*

305 3817 499 3897 [coiranno.
540 3815 735 3877 Abiciamus
765 3834 845 3895 ergo
875 3834 976 3894 opera
1007 3813 1217 3875 tenebrarum
1256 3824 1289 3876 et
1327 3813 1504 3877 induamur

390 3923 483 3964 arma
500 3903 599 3964 lucis:
622 3902 706 3963 sicut
723 3902 754 3961 in
772 3901 825 3962 die
841 3900 981 3962 honeste
997 3899 1213 3962 ambulemus

302 3994 341 4063 li.
367 3989 559 4054 Ostende...
657 3989 696 4048 ts.
721 3987 766 4049 Et
781 3987 966 4049 salutare...
1073 3987 1342 4050 Misericordiam.

652 4073 772 4138 Gloria.
1063 4078 1103 4145 R.
1127 4073 1286 4137 Ostende.

497 4165 536 4226 h'.
563 4162 774 4224 Memento..
909 4164 948 4231 R.
973 4159 1081 4223 Visita
1097 4181 1198 4223 nos...

792 4416 852 4478 Ao
876 4429 1023 4477 nonan.

307 4553 466 4634 Hymnus.
492 4554 616 4616 Rerum
636 4553 728 4616 deus.

307 4641 386 4703 Ant.
412 4642 498 4704 Ecce
513 4642 633 4704 veniet.
766 4638 822 4701 Ps.
849 4638 1023 4700 Mirabilia.

745 4725 822 4788 *Pa
845 4724 1004 4790 Clamas-i.

768 4813 824 4876 Ps.
851 4812 1026 4893 Principes.
