3600 5834
363 763 408 811 114
570 753 784 804 EBDOMADA
807 755 928 804 PRIMA
951 757 1162 807 ADVENTUS
1181 757 1332 806 DOMINI.

772 1116 918 1179 FERlA
954 1117 1148 1181 TERTIA.

779 1348 854 1430 [Ao
878 1349 1121 1431 unruaruns]

363 1532 618 1616 [Inuitatorium.
635 1534 762 1618 Regem
775 1544 957 1599 venturum.
974 1530 1029 1597 Ps'.
1047 1518 1177 1597 Venite.

371 1619 505 1684 Ymnus.
515 1620 664 1684 Verbum
680 1618 883 1706 supernum]

851 1825 893 1887 ln
909 1836 1069 1888 nocturno.

364 1956 442 2021 Ant.
468 1957 516 2022 Ut
533 1979 598 2021 non
615 1959 814 2041 delinquam.
901 1961 957 2024 Ps.
982 1962 1071 2025 Dixi.

880 2048 956 2111 *Pu
981 2048 1180 2129 Expectans,
1236 2070 1306 2111 cum
1330 2048 1443 2112 Gloria
1461 2049 1554 2130 patri.

363 2130 442 2194 Ant.
467 2131 557 2195 Sana
572 2132 715 2198 domine.
816 2135 870 2197 Ps.
896 2135 1017 2197 Beatus
1033 2136 1089 2216 qui
1105 2134 1266 2217 intelligit.

816 2222 872 2283 Ps.
897 2220 1197 2302 Quemadmodum,
1242 2244 1313 2283 cum
1337 2222 1450 2286 Gloria
1460 2223 1555 2303 patri.

816 2308 872 2370 Ps.
897 2309 989 2371 Deus
1005 2310 1143 2370 auribus

815 2395 872 2458 Ps.
897 2394 1075 2458 Eructavit.
1233 2417 1304 2456 cum
1329 2396 1442 2459 Gloria
1458 2396 1552 2477 patri.

364 2479 444 2543 Ant.
467 2478 621 2544 Adiutor.
816 2481 871 2543 Ps.
897 2481 989 2544 Deus
1006 2493 1116 2545 noster
1132 2482 1301 2562 refugium.

814 2568 870 2630 Ps.
894 2566 1021 2632 Omnes
1037 2579 1161 2651 gentes.
1237 2590 1307 2630 cum
1332 2568 1444 2632 Gloria
1460 2570 1554 2650 patri.

364 2654 444 2715 Ant.
469 2652 623 2716 Auribus.
812 2654 869 2718 Ps.
894 2654 1039 2739 Magnus
1056 2656 1218 2718 dominus.

808 2741 864 2803 Ps.
887 2742 1023 2805 Audite.
1238 2763 1309 2804 com
1334 2741 1446 2806 Gloria
1463 2743 1555 2824 patri.

364 2825 444 2888 Ant.
468 2824 561 2889 Deus
576 2827 722 2891 deorum.
809 2828 866 2891 Ps.
891 2828 1014 2909 Ipsum.

418 2931 419 2934 ’
809 2914 865 2976 Ps.
888 2913 979 2995 Quid
995 2914 1152 2996 gloriaris.
1238 2936 1311 2976 cum
1335 2914 1447 2978 Gloria
1464 2916 1556 2997 patri.

365 2998 508 3080 Require
521 3000 582 3063 has
595 3001 787 3083 antiphonas
802 3002 836 3063 in
845 3002 1001 3081 psalterio
1021 3002 1065 3083 (p.
1083 3002 1124 3083 7).

376 3085 495 3149 Versus
509 3097 547 3148 ut
560 3085 710 3168 supra.**
756 3085 802 3169 [V
819 3088 874 3150 Ex
891 3109 974 3169 syon
990 3089 1140 3171 species]

365 3171 474 3235 Lectto
489 3174 526 3235 22³
570 3174 647 3237 Non
664 3174 953 3238 levabit...lumine
968 3176 1103 3238 domini.
1150 3176 1224 3238 Hec
1240 3176 1320 3237 dicit
1335 3175 1497 3237 dominus,

365 3262 406 3331 R.
431 3259 569 3342 Suscipe
584 3260 729 3324 verbum.

365 3346 474 3408 Lectio
490 3347 523 3408 ii.
548 3347 965 3411 Proiecisti...adhererunt.

365 3435 404 3504 R.
430 3433 644 3497 Salvatorem.

367 3520 475 3582 Lectio
490 3520 537 3583 iii.
562 3521 704 3604 Repleta
719 3530 808 3584 est...
827 3521 986 3603 quadrige
1002 3522 1080 3585 eius.
1128 3522 1201 3585 Hec
1217 3522 1304 3585 dicit.

367 3610 406 3677 R.
429 3605 565 3670 Audite.

819 3839 886 3906 *Iu
912 3857 1111 3906 Lnuoiuus.

366 4008 396 4069 A
402 4015 446 4070 nt.
470 4005 659 4069 Secundum
676 4024 841 4088 magnam.
983 4008 1040 4070 Ps.
1064 4008 1227 4069 Miserere.

367 4094 447 4157 Ant.
471 4092 630 4156 Salutate.
984 4095 1041 4157 Ps.
1064 4094 1181 4175 Judica
1198 4113 1250 4155 me
1267 4094 1355 4155 deus

368 4181 447 4242 Ant.
471 4179 527 4241 Ad
544 4189 584 4240 te.
983 4180 1039 4242 Ps.
1065 4181 1155 4243 Deus
1168 4180 1248 4242 deus
1266 4199 1366 4243 meus.

368 4267 447 4328 Ant.
471 4265 607 4329 Cunctis
622 4264 746 4328 diebus.
984 4267 1040 4328 Ps.
1066 4268 1139 4350 Ego
1155 4268 1236 4329 dixi.

367 4354 446 4415 Ant.
471 4354 509 4415 In
526 4352 675 4417 excelsis.
985 4354 1040 4415 Ps.
1066 4355 1216 4416 Laudate
1232 4355 1412 4416 dominum.

432 4560 442 4581 ⁸
464 4552 521 4599 Sar.
537 4550 552 4598 i,
568 4548 606 4612 58.
628 4549 654 4597 H
666 4549 711 4597 has

465 4630 544 4678 Lectio
577 4630 595 4676 i.
615 4626 749 4689 Quomodo
765 4626 854 4676 lacta.
875 4663 881 4676 .
902 4663 908 4676 .
929 4664 935 4675 .
956 4627 1044 4688 lurum,
1058 4628 1115 4677 Sar.
1130 4629 1146 4676 i.
1162 4640 1199 4690 52.

568 4706 596 4753 r‘i.
617 4705 712 4753 Omnes
723 4703 831 4767 diligunt
848 4741 854 4753 .
874 4741 880 4754 .
902 4741 908 4754 .
929 4740 936 4753 .
955 4704 1063 4754 inimicis
1075 4706 1143 4754 meis.

556 4784 595 4829 iii.
617 4782 649 4829 El
661 4788 826 4831 convenam.
847 4817 854 4830 .
874 4817 880 4830 .
901 4818 908 4830 .
928 4782 986 4831 urbs
998 4782 1083 4832 fidelis
