3600 5834
541 758 598 807 ET
611 758 828 809 PONTIFICIS
842 760 889 809 IX
904 760 1137 812 LECTIONUM.

719 1000 780 1064 An
810 1015 989 1064 suumn.

236 1137 320 1200 Ant.
344 1134 422 1199 Non
438 1146 490 1199 est
506 1137 669 1201 inventus.

240 1223 317 1306 Cap.
341 1223 429 1287 Ecce
444 1224 608 1288 sacerdos.

238 1314 272 1383 R
295 1311 436 1374 Amavit
450 1331 527 1373 eum
544 1311 701 1374 dominus
716 1322 751 1375 et
765 1312 896 1375 ornavit
910 1332 997 1376 eum.

238 1399 279 1458 V
296 1397 393 1463 Stola
408 1397 512 1479 glorie
527 1398 637 1462 induit
650 1419 737 1462 eum.
784 1399 837 1461 Et

416 1487 454 1544 ,V
470 1485 603 1566 Justum
620 1485 763 1549 deduxit
778 1485 944 1548 dominus.

747 1697 808 1760 An
830 1710 990 1761 sexrnn.

242 1833 324 1896 Ant.
349 1833 483 1896 Fidelis.

246 1919 320 2002 Cap.
346 1920 618 1983 Benedictionem
657 1920 807 1983 omnium
845 1919 995 2001 gentium
1033 1919 1127 1983 dedit
1163 1930 1198 1983 et
1228 1919 1383 1983 dominus
1413 1931 1449 1984 et

331 2017 570 2071 testamentum
586 2027 685 2069 suum
699 2006 908 2070 confirmavit
923 2027 1023 2090 super
1037 2016 1137 2090 caput
1151 2007 1230 2070 eius.

245 2093 433 2176 RJustum
449 2094 634 2157 deduxit...
983 2095 1023 2155 V
1039 2093 1085 2158 Et
1099 2094 1286 2157 ostendit...

419 2183 458 2241 ff
472 2182 589 2262 Justus
606 2191 642 2244 ut
658 2180 771 2264 palma
785 2180 956 2243 florebit...

736 2396 797 2461 An
814 2411 962 2461 nonan.

246 2519 326 2583 Ant.
352 2520 453 2584 Serve
471 2520 567 2583 bone

249 2606 322 2689 Cap.
348 2606 515 2688 Cognovit
530 2627 606 2670 eum
623 2606 820 2670 dominus..

246 2693 417 2776 RJustus
434 2705 511 2756 ut...
981 2696 1020 2755 V
1036 2694 1131 2760 Sicut
1144 2695 1302 2758 cedrus...

421 2782 460 2841 ts
474 2781 592 2863 Justus
607 2780 819 2863 germinabit.

612 3000 673 3063 An
695 3012 889 3063 securioris
913 3013 1104 3063 vssrunns

248 3136 329 3199 Ant.
365 3136 453 3200 Ecce
467 3136 633 3199 sacerdos.
947 3135 1081 3199 Psalmi
1084 3137 1232 3216 ferrales.

251 3222 325 3306 Cap.
349 3222 470 3287 Omnis
487 3222 641 3305 pontifex
667 3243 712 3285 ex
737 3222 928 3286 hominibus
955 3233 1148 3306 assumptus
1176 3246 1236 3307 pro
1261 3225 1453 3289 hominibus

336 3310 550 3372 constituitur
575 3310 609 3372 in
634 3309 685 3371 his
710 3330 775 3391 que
798 3321 877 3373 sunt
904 3310 947 3372 ad
974 3311 1074 3374 deum
1100 3321 1137 3375 ut
1162 3310 1279 3375 offerat
1304 3312 1394 3376 dona
1417 3325 1450 3376 et

336 3396 496 3459 sacrificia
512 3416 572 3479 pro
589 3396 743 3479 peccatis.

249 3482 320 3547 ’Et
337 3484 371 3545 si
387 3484 422 3545 in
441 3484 496 3546 his
508 3483 654 3545 secundis
676 3483 814 3564 vesperni
835 3483 992 3545 di'cuntnr
1010 3484 1151 3565 quinque
1171 3484 1343 3566 antiphone
1357 3498 1451 3568 snper

329 3570 477 3652 psalmos
490 3580 567 3632 tunc
578 3570 702 3632 dicitnr
714 3570 772 3631 lcoc

252 3655 450 3738 Capitulum.
475 3657 562 3720 Ecce
577 3656 785 3719 sacerdos.“

248 3742 413 3824 Hymnus.
434 3743 515 3825 Jesu
532 3743 731 3825 redemptor.
960 3745 997 3803 i'
1017 3742 1154 3806 Amavit
1168 3764 1253 3807 eum.

248 3830 330 3894 Ant.
356 3832 425 3894 lste
439 3840 492 3893 est
506 3830 563 3912 qui
578 3839 697 3893 ante...
961 3830 1019 3894 Ps.
1044 3830 1246 3913 Magnificat

252 3916 368 3981 Oratio
384 3928 542 3999 utsupra.

521 4128 745 4209 Euangeliunt
759 4126 934 4190 sectandum
950 4148 1096 4189 marcum
1109 4127 1183 4190 xiii.

253 4265 293 4327 ln
319 4263 377 4325 illo
401 4274 551 4345 tempore
577 4262 676 4325 Dixit
701 4261 788 4323 iesus
814 4260 984 4343 discipulis
1014 4261 1082 4323 suis
1112 4260 1235 4324 Videte
1259 4263 1394 4345 vigilate
1417 4276 1451 4327 et

339 4359 441 4425 orate,
456 4350 590 4412 nescitis
605 4349 694 4411 enim
711 4349 847 4430 quando
862 4359 995 4430 tempus
1010 4348 1061 4410 sit.
1108 4348 1153 4411 Et
1169 4349 1302 4432 reliqua.

252 4435 388 4502 Omelia
399 4435 597 4499 venerabilis
612 4436 697 4498 bede
714 4435 897 4518 presbyteri
913 4435 1089 4498 decadem
1106 4435 1256 4499 lectione.

252 4524 403 4605 Vigilare
418 4535 451 4586 et
467 4543 561 4586 orare
576 4532 610 4586 et
626 4533 742 4585 cautos
754 4523 898 4585 existere
911 4522 1090 4604 discipulos
1107 4543 1184 4584 suos
1200 4525 1336 4586 monuit
1384 4524 1450 4588 Sed

340 4611 388 4673 eis
407 4611 523 4692 judicii
543 4610 650 4672 ultimi
674 4619 807 4691 tempus
830 4609 1005 4672 ostendere
1029 4608 1143 4685 noluit,
1158 4609 1237 4690 quia
1260 4612 1366 4691 magis
1389 4612 1454 4674 illis

782 4813 788 4844 ¹
808 4818 869 4866 Hw
881 4818 926 4868 illi.
