3600 5834
724 758 757 807 H
760 758 829 807 YST
827 757 915 808 ORIA
943 758 1089 808 REGUM.
1466 776 1516 825 419

305 910 467 993 Hymnus.
492 910 523 975 O
540 911 600 974 lux
616 911 716 974 beata
731 911 870 989 trinitas,
885 910 1013 992 require
1027 910 1062 973 in
1070 912 1234 993 psalten'o.
1280 912 1325 997 [p.
1342 911 1408 1000 24]

304 998 346 1074 Υ.
369 998 572 1081 Vespertina
588 999 703 1062 oratio.

302 1085 381 1148 Ant.
406 1085 561 1168 Loquere
577 1084 711 1147 domine
732 1084 849 1166 quia...
940 1084 997 1148 Ps.
1022 1084 1225 1167 Magnificat.

305 1171 428 1235 Oratio,
454 1172 546 1234 Deus
563 1172 595 1233 in
617 1181 650 1233 te
674 1172 886 1253 sperantium,
904 1170 1052 1252 *require
1067 1173 1101 1235 in
1116 1173 1199 1236 serie
1212 1173 1505 1256 euangeliorum.”

300 1259 467 1322 Memoria
473 1258 542 1341 fiat
556 1259 595 1321 de
598 1260 687 1339 sesto
702 1258 804 1321 trium
819 1259 997 1334 lectionum,
1011 1259 1045 1322 si
1056 1258 1237 1323 habeatnn³

299 1345 367 1408 Iste
380 1346 552 1427 antiphone
572 1355 733 1427 sequentes
757 1345 913 1409 dictentur
937 1345 971 1406 in
996 1345 1140 1409 sabbatis
1155 1357 1218 1428 per
1240 1346 1386 1411 ordinem
1410 1358 1507 1429 super

379 1434 546 1514 psalmum
592 1432 788 1514 Magnifieat
831 1432 989 1514 quamdin
1033 1432 1135 1495 decrat
1175 1432 1329 1512 hystoria,
1372 1435 1427 1498 vel
1459 1435 1508 1498 ad

386 1520 575 1582 rnernoream
590 1519 630 1581 de
643 1520 804 1582 docetinica
818 1541 889 1582 curn
906 1519 944 1581 de
951 1520 1039 1600 festo
1044 1519 1093 1601 fit
1106 1520 1308 1585 sena'n‘nms

296 1607 376 1670 Aret.
400 1605 640 1688 Cognouerunt
655 1626 811 1670 omnes..

295 1693 375 1756 Ant.
402 1693 569 1757 Preualuit
584 1693 725 1756 dauid...

295 1780 374 1844 Ant.
400 1780 521 1845 Nonne
538 1780 599 1843 iste
615 1790 705 1843 est...

295 1867 376 1931 Ant.
402 1867 510 1929 Iratus
526 1887 586 1929 rex
602 1866 714 1929 saul...

296 1955 375 2017 Aret.
400 1953 484 2036 Quis
499 1954 587 2017 enim
605 1953 636 2015 in
654 1953 862 2016 οῐηηίὺυε...ι

297 2042 326 2103 Α
333 2051 375 2104 nt.
401 2041 537 2103 Montes
548 2040 724 2122 gelboe...²

295 2128 376 2190 Ant.
401 2128 511 2192 Doleo
526 2147 664 2209 super...

298 2216 378 2278 Ant.
403 2216 480 2278 Rex
497 2224 609 2278 autem
626 2214 785 2277 dauid...³

302 2301 345 2364 Si
373 2323 447 2364 nero
468 2312 601 2384 propter
628 2300 819 2364 breuitatem
849 2300 997 2381 tenporis
1026 2320 1133 2363 oeneus
1154 2301 1298 2382 predicte
1334 2302 1505 2384 antiphone

386 2399 482 2469 snper
509 2389 676 2469 psalmum
716 2384 912 2467 Magnificat
950 2397 1106 2466 nequeant
1141 2389 1272 2451 carituri
1283 2412 1299 2463 ,·
1339 2399 1415 2451 tunc
1450 2390 1505 2452 hec

388 2475 565 2556 antiphona
583 2475 717 2538 Montes
743 2473 862 2557 gelboe
878 2474 1063 2555 penultima
1086 2474 1250 2538 dominica
1264 2485 1312 2538 est
1331 2477 1504 2552 cantanda,

387 2572 419 2623 et
439 2561 617 2643 antiphona
643 2562 751 2623 Doleo
774 2580 874 2642 super
897 2570 931 2622 te
954 2560 1072 2622 ultirna
1096 2561 1259 2625 doucinica
1282 2572 1438 2640 cantetur,
1453 2563 1505 2626 ‘et

388 2648 451 2710 alie
459 2650 659 2730 precedentes
673 2648 844 2730 antiphone
858 2668 892 2709 eo
907 2667 992 2710 necno
1006 2648 1136 2710 ornnino
1144 2649 1482 2729 preterucittantur.”

743 2890 804 2953 Au
828 2903 1058 2954 uusunuus

299 3019 542 3082 lnscitacoriune.
569 3018 761 3082 Laudemus
776 3019 922 3081 iesum...
969 3018 1025 3082 Ps.
1048 3018 1177 3083 Venite.

301 3106 394 3168 *Hoc
430 3106 660 3168 innitatoriunr
690 3106 821 3167 dicatur
848 3105 884 3166 in
921 3105 1070 3167 omnibns
1106 3105 1278 3170 dorrn'nicis
1306 3107 1435 3188 quando
1464 3108 1504 3171 a’c

386 3193 548 3255 dominica
576 3193 693 3272 agitur
722 3213 821 3274 nsque
852 3192 901 3253 ad
921 3192 1126 3271 inceptionem
1148 3193 1290 3274 hystorie
1320 3194 1438 3258 scilicet
1462 3195 1500 3257 In

386 3278 598 3362 principio'*

299 3366 475 3446 Hyumns.c
500 3367 609 3429 Nocte
625 3368 820 3448 surgentes.⁴
865 3365 1029 3447 'Require
1044 3366 1078 3428 in
1087 3367 1294 3448 psalterio'*
1340 3367 1385 3451 [p.
1405 3368 1444 3451 1.]

730 3503 773 3565 Iu
781 3503 892 3583 primo
907 3512 1066 3567 nocturno.

297 3615 376 3679 Ant.
402 3616 466 3677 Pro
482 3614 558 3677 fidei
576 3616 722 3678 meritis⁵
896 3614 952 3677 Ps.
977 3615 1101 3678 Beatus
1117 3616 1173 3679 vir.

296 3703 377 3764 Aut.
404 3702 494 3764 Iuste
510 3702 600 3765 deus.
896 3701 953 3764 Ps.
979 3702 1126 3765 Domine
1142 3702 1223 3765 deus
1240 3723 1341 3768 meus

297 3795 375 3871 Ant.
400 3787 515 3869 Surge.
895 3788 952 3851 Ps.
978 3787 1117 3851 Saluum
1134 3809 1188 3851 me
1203 3788 1263 3852 sac.
1279 3790 1297 3853 i.

297 3876 337 3952 hi.
362 3876 494 3938 Memor
511 3875 556 3937 sui
574 3884 679 3937 nocte.

296 3962 351 4024 Hc
359 3962 500 4043 predicte
514 3962 687 4042 antiphone
701 3982 773 4023 cum
789 3960 945 4023 versiculo
963 3961 998 4023 in
1023 3971 1176 4024 nocturno
1198 3971 1231 4023 et
1250 3961 1315 4024 alie
1335 3975 1497 4045 sequentes

382 4050 431 4111 ad
441 4051 524 4113 alios
539 4058 708 4111 nocturnos
723 4069 795 4109 cunc
810 4048 881 4109 suis
895 4048 1038 4128 psalnu‘s
1059 4059 1090 4112 et
1104 4048 1271 4111 uersiculis
1285 4050 1441 4114 dicantur
1461 4054 1496 4115 in

359 4244 370 4268 ²
387 4240 423 4292 0²
434 4244 511 4292 Nulla
522 4242 566 4291 fiat
577 4241 697 4291 memoria
708 4241 755 4290 nisi
766 4240 849 4306 aliqua
861 4249 1003 4290 sanctorum
1019 4239 1159 4305 contigerit,
1171 4258 1218 4293 nec
1234 4243 1260 4293 in
1277 4244 1391 4295 laudibus
1407 4263 1453 4297 nec
1464 4247 1497 4299 od

489 4320 745 4384 secundasuesperas.

359 4397 371 4428 ¹‘
388 4397 421 4448 0¹
434 4413 511 4462 usque
522 4398 554 4447 ad
568 4398 696 4446 Kalendas
707 4394 822 4461 Augusti.
851 4461 852 4464 Ἴ
956 4395 1288 4463 cnerewbeginsagnn.

358 4508 522 4575 ¹HPregno
533 4525 586 4559 suo.
848 4504 983 4555 αΡοιιιὶῐε
994 4507 1088 4572 clipeus
1098 4507 1207 4558 sortium.
1243 4510 1293 4559 ΗΡ
1304 4509 1331 4560 in
1342 4511 1428 4577 prelio.

357 4574 368 4669 ἰ
384 4575 646 4689 Hadiiqeqqlsssubsalon
659 4571 694 4622 fili
706 4572 749 4633 mi,
760 4572 796 4622 fili
807 4570 849 4621 mi.
887 4573 938 4621 ΗΡ
946 4588 992 4637 pro
1004 4581 1029 4622 te
1040 4572 1138 4623 moriar.

385 4706 416 4753 W
428 4705 478 4754 line
493 4718 531 4762 ιι,
544 4705 640 4753 roboat.

427 4770 477 4819 line
493 4782 531 4828 12,
544 4769 606 4819 omit
616 4768 704 4833 gloria.

355 4834 410 4883 ⁵11
423 4834 553 4885 uocitatus.
