3600 5834
687 759 734 808 IN
747 760 818 809 DIE
834 760 1068 811 EPl'PHANIE.

276 913 319 994 Rt.
344 911 532 975 aHodie...¹
833 911 875 992 li.
899 912 1013 978 Celi...
1035 914 1101 977 Hic
1118 925 1176 979 est.

275 1000 383 1063 Lectio
399 1000 434 1063 ii.
459 998 832 1081 Inclinato...gentibus.
880 1000 955 1063 Hec
972 1001 1060 1065 dicit.

276 1087 319 1168 Rt.
343 1085 472 1150 Omnes
488 1087 530 1148 de
546 1086 668 1150 saba...
834 1084 875 1163 V.
900 1087 1053 1171 Reges...
1073 1088 1227 1154 Alleluia.

275 1173 383 1237 Lectio
399 1173 446 1237 iii.
473 1173 535 1235 lsa.
553 1171 597 1235 lx.
615 1171 763 1255 Surge...
782 1186 874 1236 ortus
889 1176 948 1237 tui.

276 1262 319 1342 Rt.
345 1263 456 1343 Reges
474 1259 658 1322 tharsis...b
834 1259 875 1338 57.
900 1261 946 1325 Et
959 1261 1188 1327 adorabunt...
1204 1264 1324 1348 Reges.
1369 1265 1484 1331 Gloria

974 1350 1067 1432 patri.
1115 1350 1224 1415 Dona.

696 1558 737 1620 ln
752 1558 887 1620 secundo
903 1568 1061 1621 noctrmro.

274 1719 354 1782 Ant.
377 1717 512 1783 cOmnis
528 1720 671 1781 terra...²
956 1718 1013 1780 Pr.
1040 1716 1183 1781 iubilate
1199 1719 1218 1780 i.

277 1806 353 1870 Ant.
379 1806 490 1887 Reges
505 1806 667 1869 tharsis...
956 1805 1013 1867 Ps.
1037 1806 1131 1867 Deus
1146 1804 1311 1869 iudicium.

273 1893 353 1957 Ant.
378 1892 506 1957 Omnes
522 1904 680 1974 gentes...
961 1891 1017 1954 Ps.
1044 1892 1170 1954 inclina
1187 1894 1217 1956 ii.

274 1978 315 2058 li.
341 1981 451 2064 Reges
467 1980 588 2043 tharsis
603 1990 637 2042 et
653 1977 760 2041 insule
777 1998 915 2040 munera
930 1978 1079 2041 offerent.

274 2068 316 2146 Rt.
342 2069 452 2149 Reges
467 2068 604 2130 arabum
622 2076 655 2128 et
671 2066 753 2128 saba
768 2065 858 2127 dona
874 2065 1050 2128 adducent.

280 2154 360 2217 Tres
375 2154 477 2217 niedie
491 2154 635 2216 lectiones
648 2153 688 2215 de
701 2172 844 2214 somnone
859 2152 947 2215 beati
959 2152 1059 2215 leniris
1065 2163 1158 2234 pape.

274 2330 317 2408 R.
342 2328 436 2413 Magi
453 2330 632 2392 veniunt...
769 2324 811 2402 li.
836 2326 921 2390 Cum
939 2336 1078 2389 natus...
1215 2326 1290 2392 Ubi.

275 2416 380 2479 Lectio
394 2429 441 2479 νβ
486 2415 650 2497 Quamuis
666 2413 903 2477 enim...nasci.

337 2633 349 2655 ⁸
366 2626 422 2673 Sar.
437 2625 454 2674 i.
469 2624 525 2687 326.
790 2622 803 2654 b
820 2625 878 2672 Sar.
892 2623 909 2672 i.
924 2622 981 2688 318.
1245 2634 1256 2658 ⁰
1272 2627 1330 2676 Sar.
1345 2627 1359 2676 i.
1372 2640 1429 2692 319.

337 2701 349 2733 ‘¹
369 2702 394 2751 H
408 2704 489 2752 Lectio
501 2704 552 2753 iiii.
572 2702 686 2751 Audistis
697 2701 784 2751 iratres
804 2701 928 2750 karissimi
944 2702 1003 2766 quia
1023 2701 1078 2751 dies
1095 2702 1141 2752 iste
1160 2702 1203 2767 qui
1223 2704 1296 2753 nobis
1314 2705 1340 2753 in
1358 2706 1480 2755 honorem

467 2779 562 2829 domini
575 2796 619 2843 per
630 2778 741 2843 singulos
752 2794 832 2829 annos
843 2779 992 2840 celebratur,
1004 2795 1047 2829 ore
1059 2778 1170 2829 fidelium
1182 2787 1328 2831 cunctorum
1344 2782 1481 2847 epiphania

466 2858 643 2908 uenerabiliter
654 2868 819 2921 nuncupatur.
856 2857 906 2907 Sed
919 2857 979 2921 quia
994 2872 1095 2921 grecum
1113 2858 1232 2922 probatur
1248 2874 1302 2909 esse
1319 2861 1477 2921 uocabulum,

465 2936 549 2986 multis
558 2945 595 2985 est
603 2935 687 2985 latinis
694 2935 858 2999 incognitum.
895 2935 959 2984 Inde
967 2944 1005 2985 est
1013 2936 1081 2999 quod
1091 2952 1183 2986 nomen
1192 2936 1268 2997 istud,
1280 2954 1367 2988 omnes
1378 2938 1480 3003 quidem

466 3015 538 3064 latini
558 3013 654 3072 dicunt,
667 3014 711 3063 sed
729 3028 780 3062 non
792 3028 880 3061 omnes
891 3012 1052 3062 inueniuntur
1064 3028 1137 3063 nosse
1154 3016 1221 3079 quod
1239 3014 1333 3066 dicunt.
1370 3016 1479 3066 Proinde

466 3094 560 3141 bonum
572 3102 609 3140 est
621 3101 648 3141 ut
657 3090 740 3140 cuncti
752 3090 794 3155 qui
806 3090 955 3140 hodiernum
967 3090 1035 3141 diem
1053 3091 1215 3156 epiphaniam
1235 3103 1381 3159 nuncupant
1398 3103 1424 3144 et
1435 3109 1479 3144 cur

465 3172 514 3219 hoc
532 3170 629 3219 dicatur
648 3169 773 3233 ignorant,
792 3177 974 3217 sacramentum
993 3168 1042 3217 diei
1061 3169 1135 3218 huius
1151 3171 1260 3219 nominis
1275 3171 1478 3237 interpretatione

465 3257 626 3311 cognoscant.

403 3328 482 3374 Lectio
493 3344 517 3375 v.
538 3326 621 3375 Debet
633 3323 700 3373 enim
712 3323 762 3373 diei
779 3323 853 3372 huius
869 3324 1043 3388 sollempnitas
1055 3341 1070 3373 a
1088 3325 1203 3376 fidelibus
1220 3326 1350 3387 celebrari,
1363 3336 1387 3377 et
1399 3327 1477 3376 immo

465 3403 659 3467 sollempnitatis
669 3418 744 3451 causa
755 3402 888 3450 nondebet
900 3402 1017 3465 ignorari.
1055 3404 1132 3452 Hunc
1144 3420 1203 3468 ergo
1214 3405 1283 3453 diem
1294 3405 1358 3454 sicut
1369 3405 1478 3455 diximus

465 3481 625 3546 epiphaniam
653 3491 726 3529 uocat
750 3479 885 3529 christiana
914 3480 1009 3544 religio.
1053 3480 1197 3546 Epiphania
1218 3498 1278 3531 uero
1300 3482 1478 3549 interpretatur

466 3558 640 3608 manifestatio.
687 3558 820 3607 Traditum
839 3567 923 3607 autem
943 3566 1057 3607 tenemus
1076 3575 1092 3608 a
1111 3560 1225 3624 patribus
1243 3561 1312 3624 qnod
1334 3561 1477 3626 unigenitus

465 3638 526 3686 deus
545 3645 678 3702 postquam
697 3645 735 3685 est
752 3635 889 3684 secundum
901 3651 1002 3703 carnem
1012 3637 1183 3700 temporaliter
1195 3647 1276 3697 natus,
1290 3638 1316 3687 in
1327 3638 1375 3688 ista
1386 3639 1428 3688 die
1438 3652 1477 3688 est

466 3714 544 3779 magis
555 3713 711 3764 uenientibus
723 3712 914 3772 manifestatus3
932 3730 947 3761 a
959 3714 1048 3777 quibus
1067 3723 1105 3764 est
1121 3715 1198 3765 etiam
1217 3715 1309 3766 oblatis
1333 3717 1477 3766 muneribus

464 3792 609 3857 suppliciter
620 3792 743 3840 adoratus

400 3871 527 3919 lectioni.
547 3870 614 3918 Nam
635 3871 694 3934 quia
714 3869 767 3933 ipse
784 3877 820 3917 est
833 3869 894 3917 deus
914 3867 957 3933 qui
977 3866 1025 3917 sibi
1043 3868 1069 3917 in
1089 3871 1167 3920 ueteri
1186 3879 1337 3921 testamento
1348 3872 1475 3938 primicias

463 3947 545 3997 otierri
558 3946 695 4005 mandauit,
708 3945 776 3996 idem
788 3946 849 3995 deus
869 3946 1031 3995 homonatus
1051 3947 1164 4010 gentium
1186 3948 1311 4013 primicias
1330 3965 1376 3999 suo
1396 3950 1473 3999 cultui

463 4025 597 4075 dedicauit.
633 4024 779 4089 Apostolioe
790 4040 849 4073 uero
866 4033 971 4074 testatur
990 4026 1134 4084 auctoritas,
1148 4027 1206 4090 quia
1219 4026 1291 4078 Unus
1302 4035 1341 4078 est
1351 4028 1414 4079 deus
1431 4029 1474 4093 qui

464 4102 589 4163 iustificat,
610 4102 822 4152 circumcisionem
842 4118 872 4151 ex
892 4102 951 4161 fide,
970 4111 994 4151 et
1013 4104 1154 4168 preputium
1178 4120 1222 4169 per
1243 4104 1336 4165 fidem;
1369 4106 1473 4157 circum·

463 4181 563 4230 cisionis
601 4180 703 4230 nomine
742 4180 837 4238 iudeus,
879 4180 987 4245 preputii
1026 4182 1128 4232 nomine
1178 4191 1265 4246 gentes
1303 4183 1473 4235 indubitanter

462 4260 603 4309 ostendens.
642 4258 687 4308 Isti
698 4267 756 4307 sunt
767 4258 818 4307 ‹lno
830 4257 945 4322 parietes,
958 4258 1001 4322 qui
1021 4274 1051 4307 ex
1062 4259 1160 4310 diuerse
1179 4267 1301 4311 uenerunt
1317 4270 1343 4312 et
1362 4262 1473 4328 lapidem

463 4336 507 4403 qui
518 4336 597 4386 iactus
609 4343 645 4386 est
658 4336 683 4384 in
696 4346 770 4400 caput
782 4334 866 4399 anguli
878 4334 904 4384 in
916 4336 1013 4385 unitate
1021 4336 1080 4386 fidei
1092 4348 1270 4389 conuenerunt.
1308 4340 1381 4392 Unus
1391 4340 1473 4406 paries

462 4415 531 4464 uenit
557 4432 587 4464 ex
612 4414 700 4472 iudeis,
720 4414 783 4462 alter
803 4413 870 4462 uenit
888 4429 920 4463 ex
940 4415 1063 4478 gentibus.
1102 4415 1189 4481 Longe
1208 4432 1224 4466 a
1246 4433 1273 4467 se
1294 4418 1369 4469 diuisi
1391 4428 1472 4481 erant,

462 4493 563 4557 quando
574 4492 673 4541 diuersa
683 4490 827 4540 credebant.

332 4579 343 4602 t
360 4570 394 4617 W
406 4571 488 4620 lectio
499 4586 521 4618 o.
542 4571 583 4618 Ad
595 4569 707 4619 omnium
719 4568 897 4617 enim...nasci.

397 4649 479 4697 Lictr'o
489 4648 524 4697 vi.
545 4647 635 4697 Tribus
646 4646 846 4711 igitur...0ptulit
858 4646 998 4709 requisitus.

301 4737 307 4766 ¹
329 4740 346 4786 Ρ
358 4739 459 4800 spiritus
470 4749 570 4787 sanctus
581 4737 679 4786 mansit.
824 4801 830 4812 ·

299 4804 310 4832 “·’
329 4804 410 4853 HWP
421 4803 483 4853 omit
495 4804 572 4852 Deus.
609 4803 640 4850 W
652 4803 733 4852 dicam
746 4802 893 4863 (lordicat.)
