3600 5834
645 738 694 787 IN
711 739 783 788 DIE
807 741 1122 792 CIRCUMCISIONIS.

366 889 446 951 Aut.
472 889 607 954 Rubum
624 912 765 973 quem...
963 895 1020 957 Pr.
1045 897 1138 959 Deus
1154 896 1246 959 deus,

366 976 447 1039 Aut.
469 976 719 1041 Germinauit...
962 982 1019 1045 Pr.
1044 983 1243 1046 Benedicite.

366 1062 446 1126 Aut.
471 1065 560 1126 Ecce
576 1065 720 1128 maria...
963 1069 1020 1131 Ps.
1044 1069 1205 1133 Laudate.

370 1147 564 1231 Capitulum.
588 1152 757 1233 Apparuit
773 1153 969 1235 benignitas,

368 1237 530 1318 Hymnus.
556 1238 588 1301 A
604 1239 683 1301 solis
699 1253 799 1303 ortus.
962 1240 1004 1320 V.
1028 1243 1229 1306 Benedictus
1245 1244 1310 1326 qui.

367 1325 448 1386 Ant.
473 1325 681 1388 Mirabile...¹
960 1330 1017 1392 Ps.
1041 1330 1251 1393 Benedictus,

371 1409 494 1476 Oratio.
519 1412 613 1475 Deus
629 1414 685 1494 qui
703 1414 799 1476 nobis
815 1415 904 1476 nati:
926 1425 959 1477 et
972 1417 1105 1479 dicatur
1117 1417 1166 1479 uu'
1176 1438 1284 1479 omnes
1298 1416 1404 1480 ltoras.

281 1497 372 1558 *Pro
396 1498 638 1562 Benedicamus
655 1500 792 1562 domino
807 1502 931 1563 dicitur
936 1513 1045 1583 prosa.

588 1586 741 1649 Mirabile
758 1589 941 1652 misterium

586 1674 680 1736 Deus
695 1684 824 1737 creator
838 1677 989 1738 omnium

588 1761 651 1822 Per
666 1762 891 1843 incorruptam
909 1764 1070 1845 virginem

588 1848 748 1910 Nostrum
765 1851 911 1931 suscepit
926 1850 1107 1927 hominem,

587 1935 632 1997 Et
649 1946 728 1996 nata
744 1947 851 1997 mater
865 1937 968 2018 patris
983 1949 1044 2014 est,

587 2019 653 2102 Qui
671 2033 769 2084 natus
785 2033 879 2103 pater
895 2026 1009 2086 matris
1025 2034 1084 2087 est.

520 2105 562 2184 V.
587 2109 701 2171 Credit
717 2130 780 2171 euu
796 2110 951 2190 dyabolo

586 2194 695 2256 Maria
710 2197 813 2258 credit
826 2198 946 2277 angelo
958 2219 965 2273 ;

589 2282 756 2345 Perillam
774 2302 863 2345 mors
880 2285 1014 2360 introiit,

588 2369 649 2430 Per
665 2370 764 2431 istam
780 2371 847 2432 vita
864 2372 979 2434 rediit:

588 2455 780 2519 Perdiderat
795 2457 856 2518 hec
871 2459 1015 2531 condita,

589 2541 662 2604 Hec
678 2544 875 2607 restaurauit
891 2544 1029 2625 perdita.

523 2626 564 2706 V.
590 2629 718 2691 Cedrus
734 2630 803 2692 alta
818 2632 860 2692 de
878 2630 990 2692 libano

585 2715 657 2778 Sub
673 2729 784 2778 nostre
800 2717 894 2779 vallis
910 2738 1017 2798 ysopo

585 2801 670 2865 Cum
687 2804 834 2866 visitaret
850 2804 996 2868 hiericho

586 2888 771 2977 Cypressus
787 2889 824 2953 fit
841 2912 883 2952 ex
902 2891 1038 2972 platano

585 2975 832 3057 Cynamomum
849 2999 894 3040 ex
911 2979 1071 3055 balsamo,

586 3062 829 3126 Benedicamus
846 3065 993 3128 domino

283 3146 407 3212 Clums
421 3147 613 3229 respondeat.
639 3149 714 3212 Deo
729 3152 923 3233 gratias.”³

748 3388 808 3452 Ao
832 3388 1009 3453 mrumst>

279 3573 457 3656 [Hymnus.
484 3574 555 3635 lam
573 3573 678 3657 lucis]

280 3662 361 3723 Ant.
386 3660 417 3724 O
435 3661 642 3723 admirabile.
938 3663 996 3725 Ps.
1020 3662 1112 3723 Deus
1129 3660 1162 3722 in
1179 3660 1314 3722 nomine
1330 3668 1399 3723 tuo.

750 3918 812 3981 Ao
837 3932 1015 3982 ruurmu.

280 4109 362 4171 Aut.
386 4106 532 4189 Quando
548 4116 654 4169 natus.
741 4114 744 4122 '
932 4105 989 4168 Ps.
1015 4105 1142 4186 Legem
1158 4123 1255 4186 pone.

283 4195 476 4275 Capitulum.
501 4194 669 4276 Apparuit
685 4192 881 4273 benignitas,

279 4282 495 4364 Responsoria
512 4292 544 4343 et
561 4281 714 4343 uersiculi
732 4281 816 4341 sicut
835 4280 869 4342 iu
890 4279 945 4341 die
969 4277 1160 4340 natiuitatis
1176 4275 1307 4339 domiui
1328 4276 1376 4339 ad
1389 4274 1487 4341 duras

366 4369 528 4434 dicuutur.
551 4368 596 4451 (p.
618 4374 702 4449 149.)

411 4637 422 4659 ⁸
440 4626 476 4679 0²
487 4628 564 4677 Nulla
576 4626 619 4676 fiat
631 4626 761 4676 memoria.
1056 4621 1069 4656 b
1086 4625 1112 4672 H
1124 4622 1195 4688 gives
1206 4622 1278 4672 fuller
1288 4636 1355 4671 cues,

737 4735 747 4768 ¹
765 4737 847 4787 HWP
859 4738 885 4787 in
897 4755 948 4803 quo
960 4738 1016 4791 suit·
