3600 5834
750 723 846 772 IN
878 723 981 773 NA
999 724 1178 773 TALI
1224 724 1459 776 UNIUS
1497 725 1723 773 MART
1730 724 1897 772 YRIS
1936 724 2049 772 ET
2086 720 2526 771 PONTIFICIS.
2780 731 2848 779 49

607 876 720 957 qui
794 886 1018 939 autem
1096 877 1501 958 premiserat.
1623 876 1777 940 Non
1852 877 2004 940 veni
2080 895 2312 958 pacem
2392 874 2654 936 mittere
2727 873 2842 933 sed

609 962 906 1043 gladium
983 972 1050 1025 et
1132 963 1429 1027 dividere
1509 963 1850 1027 hominem
1926 963 2241 1026 adversus
2316 972 2572 1044 patrem
2649 978 2840 1021 suum

609 1060 675 1113 et
749 1049 953 1112 filiam
1030 1050 1348 1113 adversus
1423 1061 1703 1114 matrem
1779 1070 1970 1113 suam
2060 1060 2127 1113 et
2217 1068 2454 1112 nurum
2529 1047 2842 1110 adversus

606 1157 866 1199 socrum
920 1157 1115 1199 suum
1171 1157 1255 1199 ne
1306 1138 1455 1220 quis
1514 1139 1833 1220 pietatem
1890 1137 2189 1218 religioni
2250 1135 2554 1218 preferat,
2598 1133 2840 1215 adjecit

606 1224 850 1300 dicens,
927 1223 1061 1306 Qui
1122 1234 1307 1288 amat
1366 1234 1625 1307 patrem
1687 1235 1803 1288 aut
1879 1234 2161 1286 matrem
2233 1224 2381 1305 plus
2451 1242 2653 1304 quam
2716 1240 2840 1288 me.

608 1330 740 1372 non
772 1320 875 1373 est
908 1330 1015 1373 me
1047 1310 1308 1393 dignus,

428 1398 647 1461 Lectio
721 1397 796 1459 ii.
876 1398 954 1460 In
1023 1400 1286 1461 cantico
1359 1398 1770 1461 canticorum
1849 1398 2130 1479 legimus
2192 1396 2517 1461 Ordinate
2591 1397 2656 1458 in
2735 1416 2841 1457 me

606 1486 970 1548 caritatem.
1094 1484 1226 1547 Hic
1287 1484 1453 1548 ordo
1512 1486 1577 1547 in
1639 1484 1822 1547 omni
1896 1494 2170 1567 aspectu
2246 1483 2649 1546 necessarius
2723 1495 2841 1546 est.

606 1591 758 1634 ama
831 1581 985 1654 post
1058 1572 1258 1635 deum
1336 1582 1614 1654 patrem.
1673 1591 1829 1634 ama
1889 1581 2191 1647 matrem,
2249 1589 2401 1631 ama
2461 1568 2647 1631 filios.
2769 1569 2838 1632 Si

610 1659 967 1720 necessitas
1032 1659 1288 1722 venerit
1355 1668 1431 1722 ut
1490 1678 1681 1721 amor
1751 1669 2105 1741 parentum
2191 1666 2307 1718 aut
2370 1655 2654 1718 filiorum
2732 1655 2837 1718 dci

606 1765 830 1808 amore
875 1756 1315 1827 comparetur,
1344 1755 1413 1809 et
1459 1765 1592 1809 non
1640 1747 1853 1828 possit
1898 1755 2252 1825 utrumque
2283 1743 2564 1806 servari:
2610 1742 2836 1805 odium

608 1832 673 1894 in
706 1852 862 1895 suos
892 1833 1108 1914 pietas
1140 1832 1206 1894 in
1238 1833 1440 1896 deum
1472 1846 1591 1896 est.
1685 1832 1842 1895 Non
1889 1831 2224 1914 prohibuit
2271 1830 2580 1892 dominus
2616 1848 2841 1891 amare

605 1929 865 2000 patrem
897 1929 1016 1983 aut
1047 1928 1327 1982 matrem
1376 1919 1493 1983 sed
1540 1920 1834 1982 suaviter
1876 1918 2156 1994 addidit,
2188 1917 2320 1999 Qui
2353 1927 2536 1981 amat
2580 1926 2837 2000 patrem

607 2016 722 2068 aut
754 2016 1037 2069 matrem
1068 2006 1217 2088 plus
1247 2025 1448 2087 quam
1484 2026 1590 2069 me
1615 2028 1632 2085 ;
1675 2016 1742 2069 et
1774 2006 1888 2087 qui
1921 2025 2054 2067 non
2088 2005 2327 2086 accipit
2359 2024 2621 2067 crucem
2651 2023 2839 2067 suam

607 2103 674 2155 et
697 2094 997 2175 sequitur
1028 2113 1135 2156 me
1166 2112 1300 2156 non
1331 2103 1434 2155 est
1467 2114 1576 2156 me
1594 2094 1860 2174 dignus.
1939 2092 2017 2155 In
2051 2091 2181 2154 alio
2213 2091 2562 2172 evangelio
2586 2092 2842 2172 legitur,

610 2178 740 2261 Qui
789 2199 923 2242 non
969 2180 1213 2261 accipit
1257 2199 1518 2242 crucem
1566 2200 1755 2243 suam
1796 2179 2134 2261 quotidie;
2181 2198 2264 2240 ne
2294 2178 2500 2240 semel
2532 2189 2842 2259 putemus

604 2268 908 2329 ardorem
942 2265 1096 2330 fidei
1127 2265 1469 2345 sufficere3
1521 2287 1915 2349 semperque
1945 2265 2274 2349 portanda
2318 2274 2420 2328 est
2465 2274 2541 2328 ut
2584 2284 2846 2348 semper

608 2373 730 2416 nos
758 2352 1077 2416 christum
1111 2372 1335 2416 amare
1365 2355 1741 2417 doceamus,

428 2438 650 2503 Lectio
680 2441 775 2503 iii.
868 2438 1002 2521 Qui
1033 2461 1153 2503 vos
1186 2441 1419 2523 recipit
1446 2460 1552 2503 me
1583 2440 1833 2522 recipit.
1927 2439 2017 2502 Et
2049 2441 2161 2520 qui
2197 2459 2303 2501 me
2335 2439 2584 2520 recipit,
2609 2440 2840 2521 recipit

605 2548 758 2590 eum
805 2530 918 2609 qui
975 2547 1082 2590 me
1144 2529 1339 2590 misit.
1433 2527 1622 2592 Ordo
1681 2527 2164 2609 pulcherrimus
2216 2526 2304 2588 ad
2358 2525 2838 2608 predicandum

608 2616 831 2689 mittit,
893 2624 961 2678 et
1021 2615 1219 2679 docet
1282 2614 1574 2697 pericula
1635 2634 1769 2677 non
1835 2613 2174 2690 timenda;
2236 2612 2515 2676 affectus
2575 2612 2842 2695 subjicit

608 2701 923 2784 religioni.
1016 2701 1313 2764 Auctum
1375 2721 1574 2783 supra
1634 2702 1897 2776 tulerat,
1947 2721 2017 2763 es
2072 2701 2157 2763 de
2217 2720 2385 2762 zona
2436 2710 2839 2763 excusserat.

609 2787 793 2850 Dura
882 2789 1439 2870 evangelistarum
1531 2789 1845 2851 conditio,
1979 2786 2181 2851 Unde
2268 2807 2427 2869 ergo
2514 2797 2839 2869 sumptu5‚

606 2877 783 2939 unde
856 2876 1072 2939 victus
1143 2875 1569 2947 necessariuS.
1643 2874 2104 2939 austeritatem
2183 2884 2645 2955 preceptorum
2722 2895 2841 2956 spe

606 2971 935 3043 temperat
965 2962 1458 3044 promissorum.

431 3048 646 3112 Lectio
675 3050 760 3111 iv.
851 3048 986 3131 Qui
1019 3050 1250 3131 recipit
1281 3048 1678 3131 prophetam
1713 3049 1778 3111 in
1806 3049 2076 3110 nomine
2110 3047 2432 3129 prophete
2465 3049 2837 3110 mercedem

607 3136 930 3217 prophete
974 3137 1271 3218 accipiet.
1364 3136 1497 3219 Qui
1544 3133 1943 3218 prophetam
1975 3135 2207 3216 recipit
2238 3145 2311 3196 ut
2343 3134 2739 3217 prophetam
2773 3147 2838 3197 et

608 3222 933 3305 intelliget
963 3243 1118 3285 eum
1152 3222 1239 3285 de
1270 3221 1506 3285 suturis
1538 3223 1942 3305 loquentem,
1974 3221 2079 3284 hic
2111 3220 2484 3284 mercedem
2518 3221 2842 3303 prophete

606 3310 910 3391 accipiet.
997 3309 1193 3391 Judei
1269 3309 1619 3373 carnaliter
1693 3310 1874 3371 enim
1945 3307 2391 3389 intelligentes
2466 3308 2843 3391 prophetaS,

607 3399 984 3461 mercedem
1030 3417 1165 3459 non
1210 3398 1538 3479 accipient
1583 3396 2074 3478 prophetarum.
2166 3394 2561 3476 Quicunque
2607 3406 2836 3477 potum

605 3482 865 3546 dederit
909 3484 1022 3546 uni
1069 3504 1157 3546 cx
1206 3484 1495 3546 minimis
1541 3483 1685 3546 istis
1729 3483 2003 3545 calicem
2065 3502 2238 3564 aque
2291 3481 2527 3563 frigide
2574 3491 2838 3545 tantum

607 3571 673 3632 in
721 3572 992 3633 nomine
1037 3570 1362 3652 discipuli,
1395 3590 1590 3633 amen
1628 3570 1780 3632 dico
1811 3568 2000 3633 vobis
2033 3589 2165 3630 non
2198 3570 2432 3650 perdet
2465 3588 2680 3631 merce
2696 3570 2836 3631 iem

603 3677 814 3721 suam.

429 3743 526 3807 Et
552 3743 620 3805 si
642 3745 865 3825 fuerit
890 3744 1146 3823 festmn
1177 3744 1376 3806 unius
1404 3743 1718 3824 martyris
1751 3753 1814 3805 et
1844 3742 2176 3823 pontificis·
2207 3743 2294 3804 iii
2317 3742 2672 3818 lectionum,
2705 3752 2840 3805 tota

602 3830 1181 3893 canteturlu'storia
1198 3841 1275 3893 ut
1287 3840 1486 3910 supra
1506 3830 1577 3892 in
1597 3830 1818 3892 natali
1831 3830 2031 3891 unius
2048 3830 2363 3910 martyris
2381 3829 2842 3911 nonpontzficzlr

606 3917 694 3979 iii
707 3918 1068 3982 lectionum.
1174 3918 1327 3980 Tres
1352 3917 1647 3980 lectiones
1666 3918 1976 3998 legantur
2000 3917 2078 3978 de
2105 3927 2304 3997 supra
2325 3917 2534 3992 dictis,
2556 3937 2836 3996 quarum

590 4004 821 4085 prima
849 4005 943 4067 sic
971 4005 1196 4085 incipit
1227 4005 1400 4067 Veni
1437 4004 1651 4085 inquit
1682 4005 1995 4068 dominus
2035 4013 2097 4065 et
2123 4014 2346 4078 cetera,
2375 4024 2518 4064 cum
2548 4004 2838 4066 oratione

589 4092 866 4173 propria
897 4091 1008 4154 uel
1029 4092 1316 4154 oratione
1350 4090 1816 4154 Infirmitatem
1856 4110 2071 4152 meam
2101 4113 2113 4151 :
2159 4091 2410 4171 require
2438 4087 2739 4170 supraf*

699 4887 904 4938 BREV.
955 4886 1170 4937 HERF.
2529 4883 2571 4930 E
