3600 5834
486 745 534 794 IN
553 744 700 795 OCTAVA
724 743 962 794 SANCTORUM
980 743 1264 794 INNOCENTltnu.
1435 741 1481 804 189

633 973 693 1037 Ao
720 985 915 1036 secunons
938 986 1124 1035 visionis

276 1135 347 1215 Quo
359 1145 457 1198 crunt
470 1136 510 1198 de
519 1144 627 1197 sancto
639 1132 783 1207 c'olconnc,
796 1134 877 1196 Ant.
902 1133 1029 1195 Tecum
1046 1132 1255 1215 principium.
1300 1132 1357 1195 Ps.
1382 1132 1480 1195 Dixit

362 1224 526 1286 dominus

277 1310 473 1393 Capitulum.
497 1308 563 1390 Qui
580 1309 676 1370 timet
692 1310 802 1371 deum.

276 1399 439 1476 Hymnus.
465 1396 607 1459 Exultet
624 1396 741 1457 celum.

278 1484 391 1549 Cetera
406 1484 516 1545 omnin
531 1483 615 1544 sient
630 1483 664 1543 in
681 1482 740 1542 dic.
757 1481 801 1562 (p.
824 1480 907 1560 160.)

275 1571 338 1634 Ao
355 1571 512 1632 senonias
534 1581 681 1650 conspiras
704 1568 859 1629 iiconioria
879 1568 918 1629 dc
934 1566 1159 1629 innocentibus.
1172 1567 1252 1631 Ant.
1275 1567 1483 1631 innocentes.

363 1660 404 1719 i'.
425 1658 601 1720 Letainini.
650 1656 765 1718 Oratio
781 1665 818 1715 nt
832 1655 867 1715 in
877 1654 993 1734 priiica
1008 1654 1068 1716 dic.

276 1744 442 1807 Memoria
457 1744 602 1806 debeata
618 1743 728 1804 coccinio
742 1751 775 1804 ct
788 1742 826 1803 dc
839 1750 949 1803 sancto
964 1740 1074 1803 ticonio
1089 1751 1127 1803 ut
1139 1753 1246 1823 snpra.

494 2167 544 2229 IN
584 2165 783 2230 OCTAVA
823 2164 883 2229 SS.
925 2165 1282 2230 INNOCENTIUM.

729 2404 790 2466 Ao
815 2417 1045 2468 iiniununs.

282 2563 519 2627 Inuitotorium
531 2563 671 2641 hymnus
682 2562 853 2643 antiphone
865 2572 896 2624 ct
904 2562 1033 2643 psalmi
1042 2572 1080 2624 nt
1091 2563 1126 2624 in
1134 2564 1250 2645 primo
1264 2564 1316 2626 dic
1331 2564 1490 2627 dicontur.

373 2653 418 2732 (o
441 2652 525 2727 ¹62)

285 2736 327 2816 V.
353 2737 529 2799 Letamini.

285 2825 393 2887 Lectio
417 2825 454 2886 ia
480 2825 586 2903 Igitur
615 2822 756 2884 herodes
786 2821 907 2884 occidit
942 2843 1059 2885 omnes
1091 2845 1210 2906 pueros
1241 2826 1296 2906 qui
1327 2835 1421 2887 erant
1459 2825 1492 2886 in

374 2911 540 2972 bethleem
565 2919 598 2971 et
623 2911 654 2970 in
679 2911 834 2971 omnibus
858 2909 977 2971 finibus
1000 2913 1078 2972 eius
1125 2912 1269 2974 Putabat
1293 2913 1380 2974 enim
1403 2912 1493 2994 quod

374 2999 400 3058 si
424 3018 540 3059 omncs
564 2996 728 3059 bethleem
749 3009 783 3058 ct
801 2997 915 3058 finium
940 3000 1010 3059 eius
1035 2999 1126 3079 pueri
1150 3000 1386 3075 occiderentur,
1409 3020 1495 3062 unus

374 3104 474 3166 quem
492 3084 652 3164 querebat
668 3083 809 3144 euadere
826 3104 891 3145 non
909 3093 1029 3165 posset.

287 3173 330 3252 IV,
356 3171 427 3235 Sub
444 3170 574 3233 altares>

287 3259 395 3321 Lectio
411 3259 445 3319 ii.
471 3258 571 3323 Unde
587 3278 607 3319 a
623 3254 760 3320 bimatu¹
780 3278 899 3338 pueros
924 3259 1018 3319 iussit
1035 3257 1194 3332 occidere,
1211 3258 1273 3320 hoc
1289 3271 1340 3322 est
1356 3280 1376 3321 a
1393 3280 1496 3341 puero

377 3346 517 3406 duorum
535 3365 696 3406 annorum
715 3347 876 3425 usquead
896 3365 1033 3427 puerum
1052 3347 1148 3407 unius
1165 3346 1279 3407 noctis

288 3435 331 3515 Κλ
358 3432 429 3497 Sub
445 3433 573 3494 throno.

288 3520 399 3582 Lectio
414 3519 462 3581 iii.
489 3519 565 3600 Ipse
597 3518 736 3580 herodes
759 3538 798 3580 co
815 3528 967 3599 tempore
990 3518 1126 3598 quando
1151 3539 1261 3600 regem
1283 3520 1455 3582 iudeorum
1478 3541 1498 3582 a

379 3607 485 3688 magis
502 3607 564 3667 aud
572 3606 652 3666 ierat
669 3619 782 3666 notum
801 3616 974 3667 accusatus
991 3606 1034 3666 ab
1050 3606 1246 3667 aduersariis
1260 3626 1387 3668 romam
1401 3608 1499 3682 venit,

378 3705 412 3755 et
424 3703 502 3755 ante
514 3713 660 3754 cesarem
675 3693 906 3754 honestissime
920 3694 1074 3773 purgauit
1087 3712 1285 3774 quecunque
1297 3695 1327 3755 ei
1340 3693 1499 3777 iuera[11]t

356 4003 368 4026 ²
387 3995 418 4042 W
431 3995 476 4044 has
488 4011 521 4043 no
534 3995 637 4042 lessons.

387 4073 413 4120 ll
427 4073 508 4120 Lectio
519 4073 538 4119 i.
560 4073 638 4135 Igitur
651 4071 876 4119 herinies...nociis.

424 4151 505 4197 Lectio
517 4151 545 4196 ii.
568 4151 625 4212 lpse
637 4149 940 4197 herodes...communico

424 4228 507 4276 Loctc'o
529 4228 569 4275 iii.
594 4227 657 4275 Cum
681 4239 735 4290 posi
759 4227 822 4274 duos
844 4243 924 4274 annos
950 4226 1003 4290 ipse
1031 4227 1136 4275 herodes
1159 4227 1184 4275 in
1214 4243 1304 4292 magna
1330 4228 1411 4292 gloria
1438 4239 1502 4279 esset

492 4322 611 4363 reuersus,
649 4306 787 4368 recogitans
821 4304 887 4367 quod
922 4304 1035 4352 audierat
1062 4321 1078 4352 n
1107 4306 1186 4368 magis
1219 4317 1305 4354 natum
1333 4322 1387 4356 esse
1420 4323 1502 4372 segem

492 4383 631 4442 iudeorum,
660 4383 759 4434 mittens
782 4382 874 4431 oceidit
897 4399 985 4430 omnes
1014 4399 1103 4446 pueros
1125 4384 1169 4447 qui
1191 4395 1262 4432 erant
1283 4384 1309 4432 in
1331 4386 1456 4435 bethleem
1478 4395 1504 4434 et

492 4461 517 4510 in
540 4462 655 4510 omnibus
678 4461 768 4510 linibus
791 4461 860 4519 eius;
889 4461 1010 4510 estimans
1037 4461 1106 4525 quod
1133 4461 1250 4511 omnibus
1277 4463 1374 4523 occisis,
1398 4464 1505 4514 christus

491 4540 598 4603 elingere
610 4556 660 4587 non
673 4551 764 4604 poss-et.

360 4617 374 4651 b
391 4618 446 4668 Sar.
461 4617 477 4666 i.
493 4629 581 4680 233-5.

809 4754 817 4786 ¹
836 4758 861 4805 11
874 4766 899 4805 et
911 4756 982 4805 intra.
