3600 5834
370 756 418 806 IN
433 757 583 808 NATALI
604 757 722 810 UNIUS
740 757 940 808 MARTYRIS
959 756 1100 807 NOVEM
1118 754 1350 806 LECTIONUM.
1429 766 1461 817 45

261 911 295 981 R
318 907 413 973 Stola
428 910 680 974 iocunditatis...
719 912 759 973 ff
775 911 907 976 Cibavit
923 908 1014 974 illum
1032 908 1198 972 Dominus
1214 906 1463 989 pane...illum.a

260 995 368 1059 Lectio
383 996 425 1059 ἐκ.
471 996 502 1060 N
505 1017 560 1060 arn
583 998 667 1061 sicut
682 1007 753 1061 arte
769 998 932 1062 medicine
947 997 1054 1060 calida
1069 995 1196 1077 frigidis
1212 994 1331 1075 frigida
1346 994 1461 1057 calidis

241 1120 244 1129 =
349 1093 504 1147 curantur
516 1085 562 1147 ita
577 1085 733 1148 dominus
748 1095 860 1148 noster
869 1085 1032 1147 contraria
1042 1082 1198 1164 opposuit
1215 1083 1462 1163 predicamenta

349 1171 503 1252 peccatis.
549 1171 588 1234 In
622 1171 754 1235 lubricis
787 1172 1036 1242 continentiam,
1065 1170 1237 1233 tenacibus
1275 1168 1461 1248 largitatem

351 1258 516 1320 iracundis
533 1260 832 1331 mansuetudinem,
846 1257 982 1321 elevatis
999 1257 1144 1338 precepit
1160 1254 1410 1318 humilitatem.b

262 1347 295 1415 R
319 1343 418 1407 Miles
433 1345 545 1407 christi
561 1345 744 1426 gloriose...
768 1347 804 1407 λ]
824 1346 872 1411 Ut
887 1345 1058 1408 celestis...
1085 1342 1159 1406 Tuo
1175 1337 1463 1426 [Gloria...Tuo].c

240 1486 245 1498 .
351 1428 424 1516 [Ps.
468 1431 519 1494 Te
535 1431 661 1515 Deum]
843 1431 961 1497 Versus
976 1430 1118 1496 Posuisti
1135 1430 1278 1493 domine.

731 1815 776 1879 In
801 1828 1000 1879 Lnunmus.

263 1954 344 2018 Ant.
368 1953 434 2036 Qui
451 1974 505 2018 me
519 1953 729 2017 consessus...
942 1952 998 2016 Ps.
1023 1951 1189 2016 Dominus
1204 1949 1362 2033 regnavit.

263 2042 344 2104 Ant.
368 2041 434 2123 Qui
451 2042 598 2123 sequitur
614 2063 708 2104 me...
942 2041 999 2103 Ps.
1023 2039 1175 2121 Jubilate.

263 2130 343 2190 Ant.
368 2129 404 2192 Si
420 2130 493 2210 quis
510 2129 631 2191 mihi...
943 2127 1000 2189 Ps.
1025 2124 1118 2189 Deus
1133 2128 1215 2189 deus
1231 2144 1334 2187 meus.

262 2216 344 2277 Ant.
368 2214 434 2296 Qui
451 2214 531 2277 mihi
549 2216 753 2278 ministrat...
941 2214 998 2277 Ps.
1022 2211 1221 2276 Benedicite.

261 2303 342 2364 Ant.
365 2301 455 2364 Volo
470 2301 624 2384 pater...d
941 2301 997 2363 Ps.
1021 2300 1182 2363 Laudate.

267 2388 340 2469 Cap.
365 2389 489 2452 Beatus
503 2390 553 2452 vir
567 2389 622 2469 qui
639 2387 761 2450 suffert

263 2476 426 2555 Hymnus.
450 2475 542 2538 Deus
558 2484 689 2537 tuorum
707 2473 905 2538 militum...¹
1049 2475 1089 2534 ff
1104 2473 1218 2555 Justus
1234 2468 1442 2554 germinabit.

266 2564 347 2624 Ant.
372 2562 445 2624 Nisi
460 2573 662 2644 granum...e
944 2559 1001 2623 Ps.
1026 2560 1235 2623 Benedictus.

268 2649 383 2712 Oratio
398 2659 437 2711 ut
447 2648 567 2731 supra.l

742 3005 804 3070 Ao
829 3018 990 3069 parurn.

266 3144 348 3208 Ant.
372 3142 439 3227 Qui
456 3165 510 3209 me
524 3144 704 3210 consessus.

735 3502 797 3569 Ar>
821 3513 1000 3568 harimnu.

269 3645 350 3709 Ant.
374 3644 441 3727 Qui
457 3644 612 3726 sequitur.

273 3732 348 3814 Cap.
372 3733 494 3795 Beatus
510 3733 558 3794 vir
573 3732 629 3814 qui
646 3730 767 3794 suffert.

356 3823 389 3891 R
411 3819 527 3883 Gloria
541 3828 575 3881 et
589 3819 754 3881 honore...
975 3813 1013 3875 ff
1032 3811 1076 3875 Et
1091 3811 1332 3876 constituisti...

356 3908 395 3966 ff
413 3906 595 3969 Posuisti...

337 4192 349 4217 ⁸
366 4184 421 4235 The
438 4173 463 4250 Ῡ
480 4184 509 4235 os
527 4184 570 4235 the
588 4184 716 4248 soregoing
731 4185 762 4249 H
779 4183 805 4232 in
823 4184 912 4234 Sarum
934 4200 991 4234 use:
1010 4183 1029 4234 it
1046 4183 1155 4248 changes
1172 4184 1204 4233 its
1223 4184 1301 4233 music
1325 4192 1351 4232 to
1373 4181 1421 4231 suit
1442 4180 1473 4229 its

271 4263 380 4328 position
394 4264 451 4313 here
463 4263 524 4313 with
535 4280 551 4312 a
561 4263 592 4328 By
603 4263 633 4312 os
640 4262 683 4312 the
694 4262 799 4311 seventh
812 4264 892 4312 mode.

337 4343 351 4374 ⁹
370 4341 395 4390 H
408 4357 468 4405 ergo
478 4341 544 4406 quod
557 4341 867 4404 supradictum...amando
878 4342 936 4390 Sar.
948 4339 975 4401 ii,
989 4339 1045 4402 378,
1059 4353 1082 4403 9.

338 4426 348 4449 ‘
365 4421 422 4467 Sar.
436 4420 462 4477 ii,
475 4431 532 4479 429.
569 4418 595 4466 H
607 4418 670 4466 adds
682 4419 750 4481 toli?
761 4417 875 4467 Alleluia.

339 4495 351 4526 '¹
370 4496 395 4544 H
409 4496 453 4545 bas
464 4495 506 4545 the
517 4493 599 4543 fourth
609 4495 703 4558 ending
713 4495 742 4544 ol
750 4494 792 4543 the
804 4495 855 4544 first
867 4504 934 4555 tone,
948 4505 992 4544 not
1004 4494 1046 4544 the
1058 4495 1115 4544 first.

338 4582 349 4608 ⁰
368 4573 393 4622 H
406 4574 450 4622 bas
462 4572 504 4623 the
516 4573 566 4622 first
578 4573 673 4635 ending
684 4572 712 4620 of
721 4571 762 4621 the
775 4572 831 4621 fifth
842 4581 910 4631 tone,
922 4583 966 4622 not
978 4573 1020 4622 the
1031 4573 1131 4623 second.

338 4657 349 4690 ¹
364 4653 390 4703 ll
404 4651 448 4700 has
460 4651 544 4700 Presta
554 4665 685 4714 quesumus
696 4650 855 4713 omnipotens
865 4651 934 4699 deus.

341 4821 350 4855 ¹
366 4827 382 4877 l.
399 4827 437 4888 16,
450 4826 499 4875 ΗΡ
510 4824 629 4875 servulis:
648 4822 709 4875 with
720 4824 786 4873 laus
797 4831 823 4873 et
834 4823 958 4890 perennis
