3600 5834
589 714 639 764 IN
650 714 702 765 NA
709 714 800 765 ml
817 712 935 767 UNIUS
951 712 1207 764 CONFESSORIS.

781 931 844 995 An
875 943 1022 995 nonen.

293 1062 379 1127 Ant.
403 1064 625 1129 Exultabunt

295 1148 486 1233 Capitulum
496 1150 695 1233 responsoria
709 1160 742 1214 ct
755 1172 869 1214 versus
880 1161 919 1213 ut
929 1152 965 1215 in
977 1150 1087 1216 natali
1085 1150 1307 1234 plurimorum
1319 1158 1501 1230 martyrum

387 1259 499 1301 nouem
513 1239 684 1302 lectionum
699 1239 748 1301 ad
757 1259 867 1302 ursinis
880 1238 979 1303 ituras
992 1239 1153 1302 dt'cuntur.

298 1635 351 1699 IN
376 1634 563 1700 NATALI
597 1634 750 1700 UNIUS
778 1633 1109 1701 CONFESSORIS
1137 1634 1200 1698 ET
1228 1631 1502 1698 PONTIFICIS

712 1747 763 1810 IX
789 1746 1091 1812 LECTIONUM.

764 1901 825 1965 Au
847 1916 1039 1966 veseenns.

297 2034 380 2097 Ant.
406 2033 545 2099 Amavit
559 2047 697 2098 eum...a
1059 2033 1194 2098 Psalmi
1207 2034 1353 2114 feriales.

302 2120 377 2204 Cap.
403 2122 492 2186 Ecce
507 2121 724 2186 sacerdos...b
1058 2123 1094 2205 lu
1117 2121 1215 2185 Miles
1231 2122 1352 2184 christi.

299 2207 465 2289 Hymnus.
490 2209 559 2272 Iste
574 2208 784 2272 consessor...

298 2382 392 2449 Nota
406 2383 494 2466 quod
510 2383 545 2447 in
567 2382 721 2447 cathedra
740 2382 849 2446 sancti
859 2382 953 2465 petri
972 2391 1005 2444 et
1029 2381 1065 2444 in
1085 2381 1380 2445 commemoratione
1400 2380 1509 2443 sancti

387 2469 494 2533 thome
507 2468 728 2548 herfordensis
741 2478 773 2533 et
785 2470 1035 2552 quandocunque
1039 2469 1089 2550 fit
1102 2468 1358 2531 commemoratu
1367 2466 1506 2549 alicujus

387 2556 577 2640 confessoris
585 2567 618 2619 et
623 2556 789 2638 pontificis
797 2555 852 2619 uel
857 2577 920 2619 nun
928 2555 1095 2638 pontificis
1104 2554 1151 2618 sic
1160 2555 1282 2619 dicitur
1290 2553 1349 2617 iste
1359 2553 1504 2636 hymnus.

561 2643 631 2707 Iste
645 2642 814 2706 confessor
828 2643 954 2705 domini
970 2652 1116 2705 sacratus

559 2730 697 2795 Sobrius
713 2740 823 2793 castus
839 2729 901 2793 suit
916 2739 950 2793 et
965 2730 1096 2813 quietus
1111 2739 1142 2791 et
1155 2737 1257 2792 cetera

389 2837 487 2899 usque
501 2815 550 2879 ad
558 2816 658 2894 finem
679 2816 820 2899 ejusdem
843 2816 965 2897 hymni.
1010 2816 1051 2879 In
1073 2815 1222 2879 omnibus
1238 2814 1317 2877 aliis
1322 2814 1423 2894 sestis
1437 2834 1507 2876 con·

379 2905 547 2985 sessorum
569 2914 656 2966 totus
676 2904 801 2967 dicitur
819 2903 873 2967 liic
891 2902 1034 2985 hymnus
1055 2901 1148 2966 nullu
1168 2902 1291 2984 syllaba
1306 2901 1360 2964 uel
1370 2901 1507 2964 dictione

389 2999 526 3054 mutata.

476 3079 514 3138 ff
530 3076 671 3141 Amavit
685 3097 761 3141 eum
777 3076 943 3141 dominus.

300 3164 385 3228 Ant.
409 3162 587 3229 Confessor
601 3164 770 3227 domini...
1048 3163 1104 3225 Ps.
1130 3159 1334 3244 Magnificat.

305 3249 429 3317 Oratio.
475 3250 529 3313 Da
553 3250 649 3313 nobis
675 3270 856 3332 quesumus
883 3250 976 3313 deus¹
1003 3260 1040 3314 ut
1063 3250 1152 3313 beati
1180 3249 1212 3312 N
1240 3248 1436 3311 confessoris
1458 3247 1505 3310 tui

388 3348 490 3486 atqusle
506 3335 671 3420 pontificis
686 3339 874 3401 veneranda
890 3337 1083 3400 sollennitas
1097 3347 1132 3401 et
1146 3335 1373 3399 devotionem²
1387 3344 1508 3415 augeat

389 3435 424 3489 et
438 3444 476 3487 sa
489 3434 589 3488 utem.
635 3424 705 3489 Per.

749 3631 810 3695 Au
833 3644 1064 3697 nnsusums,

300 3764 546 3831 Invitaturium.
592 3766 708 3831 Unum
723 3766 881 3829 deum...³
1054 3763 1112 3828 Ps.
1135 3763 1268 3827 Venite.

303 3851 468 3933 Hymnus.
594 3852 664 3916 Iste
678 3851 853 3916 confessor.

738 3965 781 4029 In
790 3966 902 4048 primo
917 3974 1079 4029 nocturno.

303 4079 385 4143 Ant.
408 4077 532 4142 Beatus
547 4077 636 4141 vir...
1058 4076 1114 4140 Ps.
1139 4075 1262 4138 Beatus
1277 4073 1332 4137 vir.

303 4167 386 4230 Ant.
410 4164 533 4229 Beatus
549 4165 610 4227 iste
626 4167 816 4228 sanctus...⁴
1055 4163 1114 4226 Ps.
1139 4160 1251 4243 Quare
1266 4160 1476 4224 fremuerunt

303 4251 386 4317 Ant.
409 4252 463 4316 Tu
478 4272 514 4315 es
529 4251 690 4334 gloria...⁸
1056 4250 1112 4313 Ps.
1137 4248 1283 4312 Domine
1298 4246 1387 4330 quid.

479 4341 519 4402 ff
537 4338 677 4402 Amavit
691 4358 777 4401 eum.
804 4407 805 4410 Ἴ

372 4565 386 4591 ⁸
403 4562 461 4611 Sar.
475 4560 501 4611 ii.
515 4560 574 4623 428,
587 4562 632 4613 but
644 4560 707 4610 with
718 4561 761 4610 the
772 4558 827 4609 fifth
840 4556 936 4623 ending
947 4556 975 4606 os
983 4558 1026 4608 the
1039 4557 1091 4607 first
1103 4533 1171 4617 tone,
1184 4566 1228 4606 not
1240 4557 1283 4606 the
1294 4555 1369 4607 sixth.

373 4638 387 4669 δ
403 4640 462 4688 Sar.
476 4638 503 4690 ii.
517 4651 574 4701 409.

373 4713 382 4746 ¹
401 4718 465 4766 Hw
476 4717 634 4783 omnipotens
644 4718 715 4768 deus.
914 4710 926 4742 ²
942 4714 1005 4763 HW
1015 4713 1066 4762 add
1078 4711 1157 4762 nobis.

371 4780 384 4813 ³
399 4783 432 4831 W
445 4783 491 4833 has
500 4784 551 4833 deo
562 4783 630 4833 vivit.
794 4780 804 4810 ⁴
821 4780 875 4828 WP
886 4779 951 4829 have
963 4778 1109 4834 medicavit.
1276 4776 1286 4807 ⁵
1304 4778 1354 4826 ΗΡ
1367 4777 1485 4826 exaltans
