3600 5834
636 730 732 779 POST
746 729 840 779 ocrA
850 728 918 779 VAS
932 728 1164 777 EI'YI'HANIE.
1453 741 1498 777 221

780 1006 840 1069 Ar)
863 1020 1013 1071 nonam.

294 1174 375 1236 Ant.
401 1174 503 1237 quta
518 1174 696 1256 eloquium.
1003 1173 1059 1236 Ps.
1084 1172 1260 1236 Mirabilia„

297 1259 492 1341 Capitulum.
518 1262 634 1344 Empti
649 1261 739 1324 enim
756 1261 843 1324 estiS.

295 1348 339 1429 lp.
364 1348 507 1411 Redime
524 1369 585 1411 me.
885 1345 927 1425 V.
953 1347 1015 1410 Pes
1030 1348 1119 1410 enim
1137 1349 1252 1409 meus.l
1276 1347 1322 1409 Et
1339 1347 1501 1409 miserere.

950 1434 1064 1499 Gloria
1080 1433 1174 1516 patri.
1220 1435 1263 1516 Ru
1288 1434 1437 1497 Redime.

296 1518 338 1597 V.
363 1520 419 1584 Ab
435 1522 580 1586 occultis,
669 1524 712 1604 lp.
738 1522 783 1585 Et
797 1522 841 1585 ab
857 1522 981 1585 alienis,
1070 1520 1204 1603 [Oratio
1219 1530 1256 1584 ut
1271 1520 1393 1603 supra]

295 1605 459 1689 'Require
476 1610 597 1689 ¹omnia
618 1608 767 1691 predicta
797 1609 846 1673 ad
864 1609 1013 1689 primam
1043 1617 1075 1670 et
1110 1608 1158 1670 ad
1191 1628 1300 1670 omues
1332 1607 1430 1671 leoras
1466 1609 1503 1669 in

375 1696 585 1777 psaltereo.”
600 1696 645 1777 (p.
667 1696 729 1775 13.)

295 1783 365 1847 Hic
378 1783 454 1846 ordo
468 1784 507 1846 de
517 1783 633 1865 prima
657 1793 688 1844 et
708 1783 747 1845 de
769 1782 882 1845 ceteris
897 1779 1016 1867 [norit]
1032 1781 1132 1843 leuim
1138 1782 1229 1861 serie
1242 1791 1392 1844 seruetur
1404 1802 1505 1862 usque

383 1870 432 1932 ad
438 1870 706 1950 septuagesimam
721 1880 753 1932 et
766 1890 788 1931 α
805 1871 897 1934 Deus
913 1871 1064 1932 omnium
1088 1889 1186 1949 nsque
1208 1868 1256 1931 ad
1274 1868 1452 1931 aduentum
1468 1868 1503 1931 in

385 1958 533 2020 omnibus
554 1957 659 2037 seriis
680 1956 809 2038 quando
834 1957 874 2019 de
894 1956 989 2034 feria
1011 1956 1151 2037 agr'tur,·
1178 1966 1298 2036 excepto
1322 1955 1411 2038 quod
1428 1964 1505 2037 post

377 2043 650 2126 purfficateonem,
686 2054 718 2105 et
753 2065 774 2106 a
811 2043 1047 2124 septuagesima
1083 2042 1212 2124 quando
1242 2042 1503 2124 purificationem

378 2132 576 2213 precesserit,
602 2151 700 2213 usqne
729 2130 778 2193 ad
802 2129 1099 2211 quadragesimam,
1121 2140 1153 2192 et
1177 2151 1199 2191 a
1230 2130 1322 2192 Deus
1353 2129 1503 2192 omnium

386 2239 484 2299 nsque
505 2218 554 2281 ad
572 2218 760 2293 aduentum,
769 2227 879 2297 preces
900 2238 972 2279 cnm
990 2215 1265 2298 prostrateom'bus
1287 2215 1441 2279 dicantur
1460 2216 1510 2278 ad

378 2304 542 2386 predictas
556 2304 678 2367 leorae.a

765 2542 828 2605 An
844 2555 1038 2607 vesperas.

299 2703 380 2767 Aut.
405 2703 591 2767 Inclinauit.
940 2703 999 2764 Ps.
1024 2702 1147 2765 Dilexi.

301 2789 369 2853 *Et
391 2793 456 2854 alie
478 2789 652 2871 antiphone
671 2811 743 2853 cnm
766 2790 837 2852 suis
852 2789 995 2870 psalmis
1019 2800 1057 2852 ut
1075 2800 1176 2870 surpra
1200 2790 1234 2852 in
1249 2789 1345 2870 serm
1366 2791 1506 2854 secanda

379 2879 489 2959 prime
502 2878 674 2941 ebdomade
688 2877 848 2940 aduentus
862 2876 1040 2940 domiui.”
1087 2876 1133 2959 (p.
1154 2878 1239 2957 113.)

302 2963 496 3046 Capitulum.
518 2965 685 3028 Dominus
701 2973 813 3027 autem
831 2965 960 3047 dirigat.

299 3052 462 3132 Hymnus.
489 3052 656 3114 Immense
672 3051 744 3115 celi.

301 3138 464 3220 *Require
475 3159 584 3201 onmes
595 3138 730 3220 leymnos
744 3138 845 3201 leuius
859 3136 1032 3201 ebdomade
1040 3137 1088 3200 ad
1097 3148 1242 3218 vesperas
1254 3138 1289 3199 in
1298 3136 1507 3218 psaltere'of*

388 3226 458 3308 (pp.
478 3227 561 3288 12&
579 3227 709 3306 22-24.)

304 3311 343 3391 V.
369 3313 542 3394 Dirigatur
557 3313 701 3376 domine.

300 3399 380 3463 Ant.
398 3398 663 3481 MagnificemuS.
1055 3398 1112 3461 Ps.
1137 3397 1342 3481 Magnificat.

302 3486 527 3569 [Kyrieleison
545 3486 620 3568 iii]b

306 3572 422 3637 Oratio
437 3584 595 3656 utsupra.
641 3573 746 3655 [Vota
762 3569 983 3656 quesumus]c

302 3660 463 3723 Memorie
476 3662 617 3741 ferrales
638 3659 793 3722 dicantur
806 3669 844 3721 ut
859 3660 893 3721 in
916 3659 1058 3722 crastino
1080 3670 1269 3722 octonarum
1285 3659 1457 3742 epyphanie
1473 3670 1510 3722 nt

389 3760 489 3829 supra
504 3747 628 3810 dictum
643 3757 691 3809 est
705 3748 751 3828 (p.
768 3748 854 3827 212).

303 3833 566 3917 [Conpletorium
582 3845 620 3897 ut
632 3830 756 3917 supru]

367 4176 379 4199 ²
395 4164 431 4217 Ο2
447 4168 493 4215 has
504 4166 564 4230 only
582 4164 633 4214 Hic
651 4165 714 4214 ordo
725 4163 758 4213 ad
777 4164 882 4228 primam
899 4172 925 4213 et
941 4163 974 4211 ad
986 4161 1049 4212 aliea
1060 4162 1134 4211 horas
1149 4171 1260 4212 seruetur
1271 4178 1348 4229 usque
1361 4163 1394 4214 ad
1404 4165 1510 4230 quadra-

497 4244 618 4307 gesimam
630 4251 655 4293 et
675 4260 690 4292 a
707 4243 778 4291 Deus
795 4243 910 4290 omnium
928 4257 1006 4306 usque
1022 4239 1056 4290 ad
1071 4239 1217 4291 aduentum.
1254 4239 1355 4293 Deind†
1366 4243 1468 4308 quando
1479 4244 1513 4293 de

499 4321 561 4371 seria
571 4322 653 4386 agitur
664 4337 721 4371 cum
733 4319 849 4370 oracione
861 4320 893 4369 de
905 4319 1044 4369 dominice.

369 4399 382 4431 ¹³
400 4398 435 4450 0²
453 4401 540 4449 Preces
556 4399 669 4448 dicantur
681 4398 713 4447 ad
730 4414 818 4448 omnes
835 4397 911 4447 hores
927 4397 977 4447 diei
994 4412 1071 4461 usque
1088 4395 1121 4446 ad
1137 4411 1225 4447 cenam
1242 4395 1348 4457 domini,
1366 4411 1391 4447 et
1408 4413 1424 4446 a
1440 4399 1511 4447 Deus

304 4480 419 4529 omnium
431 4494 506 4543 usque
518 4478 550 4527 ad
563 4477 698 4525 aduentum
710 4475 812 4540 quando
821 4475 853 4524 de
865 4474 928 4525 seria
944 4474 1041 4539 agitur:
1058 4474 1109 4524 and
1120 4473 1184 4525 adds
1195 4473 1220 4523 in
1233 4474 1276 4523 the
1287 4474 1384 4540 margin
1401 4477 1514 4540 exceptis

303 4557 371 4607 seriis
381 4566 441 4607 ante
451 4553 653 4622 purifieacionem
664 4553 713 4602 nisi
725 4552 910 4618 septuagesima
922 4552 1073 4617 precesserit.

370 4645 380 4666 ⁶
399 4636 467 4684 llere
480 4635 507 4683 H
519 4632 581 4683 adds
592 4631 710 4681 memorie
723 4630 829 4680 seria1es.

372 4761 379 4792 ¹
398 4764 425 4812 H
438 4762 513 4812 omits
523 4759 599 4820 enim,
612 4760 662 4810 and
673 4775 702 4809 so
713 4758 773 4809 does
786 4758 804 4805 P
817 4757 842 4806 in
854 4757 955 4823 psaltes.
