3600 5834
771 755 826 804 AD
851 754 1013 805 PRIJIAM.

294 902 391 966 chte
405 907 590 988 rnnrtilogr'o
604 906 792 989 sequitur⁸¹

381 994 420 1053 V
438 994 629 1057 Pretiosa...

297 1076 412 1141 Oratio
431 1081 503 1143 sine
525 1082 689 1143 Dominus
712 1082 882 1146 vobiscum
898 1091 931 1143 et
943 1081 1013 1144 sine
1031 1081 1181 1146 Oremus
1226 1082 1365 1147 ¹Sancta
1387 1083 1490 1145 maria

383 1169 650 1230 mater...salvari
670 1179 702 1230 et
722 1170 921 1232 terminatur
932 1170 987 1232 sic.
1033 1169 1099 1251 Qui
1116 1171 1148 1232 in
1164 1168 1329 1233 Trinitate
1344 1170 1491 1251 perlecta

382 1256 463 1317 vivit
487 1266 521 1317 et
549 1265 665 1336 regnat
688 1257 770 1319 deus
798 1276 856 1337 per
878 1257 991 1317 omnia
1014 1255 1124 1318 secula
1146 1257 1340 1319 seculorum.
1369 1256 1480 1319 Amen

384 1339 465 1403 Sine
487 1340 653 1404 Dominus
667 1343 839 1405 vobiscum
861 1352 892 1402 et
913 1344 983 1404 sinc
1007 1343 1247 1406 Benedicamus
1269 1344 1416 1405 domino.

301 1424 368 1488 Ubi
380 1448 453 1488 vero
471 1429 694 1509 marte'logrum
710 1450 773 1491 non
787 1429 924 1491 nabetur
944 1439 1020 1491 tunc
1032 1431 1156 1492 dicitur
1166 1430 1374 1511 ltecpredicta
1387 1429 1492 1492 orateir

385 1514 509 1577 Sancta
534 1517 636 1578 maria
666 1516 868 1578 mater...dei
892 1518 949 1579 &c
972 1525 1157 1597 utsupra:
1178 1518 1276 1579 etsie
1295 1518 1419 1579 dicitur
1438 1516 1493 1579 lice

382 1603 486 1662 eratin
500 1612 538 1663 ut
549 1602 772 1681 supradicitur
784 1604 853 1664 sive
869 1603 1090 1683 rerartilcgium
1100 1604 1266 1684 legendum
1277 1606 1323 1665 sit
1335 1605 1405 1666 sive
1419 1624 1491 1667 rien.

296 1685 379 1748 Post
391 1686 445 1749 luc
457 1690 570 1750 statim
585 1689 702 1769 absque
716 1689 887 1752 interuallo
902 1689 990 1751 dicat
1003 1701 1146 1751 executor
1158 1690 1254 1771 officii
1265 1691 1322 1752 tac
1336 1690 1426 1752 recedo

296 1772 327 1833 ii
358 1773 450 1836 Deus
468 1776 498 1836 in
515 1776 757 1855 adjutorium...
989 1776 1154 1838 Dominus
1169 1777 1211 1839 ad
1228 1778 1464 1858 adjuvandum.

359 1861 451 1922 Deus
467 1863 499 1924 in
516 1861 758 1942 adjutorium...
992 1863 1138 1925 Domine
1153 1866 1194 1925 ad
1211 1864 1448 1945 adjuvandum.

296 1945 339 2007 iii
359 1946 624 2010 clementissime
639 1960 733 2030 pater

366 2033 459 2097 Deus
481 2037 514 2097 in
530 2036 740 2117 adjutorium.
994 2036 1139 2098 Domine
1148 2037 1190 2099 ad
1200 2036 1426 2119 adjuvandum
1439 2058 1492 2100 me

1032 2123 1159 2186 festina

342 2204 457 2270 Gloria
473 2209 833 2290 patri...&c....dirige.²
878 2208 1029 2272 Oremus

298 2290 523 2375 Omnipotens
539 2297 738 2377 sempiterne
753 2298 835 2358 deus
851 2296 956 2377 dirige
971 2308 1105 2360 actus...

300 2377 377 2441 *He
390 2390 455 2443 tres
462 2383 604 2461 predicte
619 2384 778 2445 oraticnes
798 2383 917 2446 scilicet
932 2382 1086 2458 Domine,
1101 2393 1215 2445 sancte
1239 2391 1339 2463 pater.
1368 2382 1492 2446 Sancta

386 2471 496 2531 maria
537 2469 760 2551 Omnipotens
770 2471 970 2551 sempiterne
981 2473 1062 2531 deus
1077 2490 1149 2531 cnm
1158 2470 1307 2550 precibus
1315 2480 1378 2549 per
1389 2480 1492 2532 tetum

385 2575 509 2616 annum
533 2556 689 2618 dt'cuntur
702 2557 750 2618 ad
756 2557 912 2636 primam,
924 2558 991 2618 nise¹
1005 2558 1040 2618 in
1054 2578 1130 2618 cena
1145 2556 1273 2617 demini
1284 2565 1316 2617 et
1328 2557 1404 2620 letne
1418 2558 1493 2620 iude

386 2662 483 2721 usque
497 2643 546 2704 ad
555 2653 684 2705 octavas
690 2642 818 2724 pesclu,
833 2653 866 2705 et
879 2644 949 2704 ni'si
959 2644 993 2704 in
1009 2644 1061 2706 dre
1076 2644 1274 2706 aninmrum.

300 2876 459 2957 Sequitur
470 2879 559 2941 lecteir
574 2902 645 2943 cum
660 2882 756 2963 Jube,
771 2882 916 2956 domine,
932 2881 1134 2945 benedicere

299 2963 460 3027 Excnetm
472 2965 674 3047 effciidicat.
720 2969 927 3049 Sapientiam
943 2990 1037 3032 suam
1058 2972 1178 3032 doceat
1201 2989 1262 3032 nos
1280 2972 1492 3053 omnipotens

388 3063 422 3113 et
439 3054 622 3117 misericors
637 3056 800 3117 dominus.

306 3136 396 3200 Tunc
416 3139 545 3219 legatur
564 3142 653 3203 lectio
673 3142 713 3204 de
734 3142 849 3204 orreelia
871 3142 1035 3223 euaregelii
1053 3142 1265 3205 dorrrinicalis.
1314 3142 1389 3219 Qua
1415 3144 1495 3206 heta

386 3226 516 3306 legatur
528 3227 647 3291 tabula.
691 3230 809 3291 Postea
816 3230 1051 3309 pronuntietur
1062 3229 1167 3292 obitus
1180 3231 1213 3291 si
1215 3232 1333 3310 suerit.
1380 3230 1494 3312 Sequi-

386 3322 444 3374 tur
465 3313 517 3375 De
542 3315 713 3396 profundis
730 3326 794 3397 pre
808 3316 976 3394 deficeretis,
993 3317 1061 3377 siue
1076 3316 1189 3394 suerit
1206 3316 1311 3378 obitus
1332 3318 1402 3379 sive
1422 3338 1493 3381 non.

387 3399 562 3463 Sciendum
576 3412 684 3463 aretem
703 3412 751 3463 est
766 3402 853 3482 quod
871 3403 907 3463 in
920 3402 1101 3482 serr’alibns
1114 3403 1236 3478 diebus,
1251 3404 1379 3484 quaredc
1387 3416 1495 3485 preces

377 3485 472 3567 fiunt
485 3508 555 3549 cum
563 3489 838 3569 prostratrem'bns
846 3499 921 3568 post
931 3510 1058 3551 versum
1071 3490 1145 3552 Fiat
1158 3492 1380 3553 misericordia
1391 3491 1494 3553 adda-

386 3583 445 3634 tur
456 3576 495 3633 V
504 3575 639 3638 Exaudi
655 3577 837 3648 dominelli
853 3576 1010 3638 Miserere
1024 3586 1057 3638 et
1069 3586 1170 3638 cetera
1186 3586 1345 3658 utsupra.

301 3923 491 4004 Sequuntur
496 3935 606 4004 preces
619 3922 749 3986 dicende
763 3923 798 3984 in
805 3923 909 3999 ferrr'elr
925 3924 1053 4004 qnando
1068 3925 1107 3986 de
1113 3925 1208 4004 feria
1222 3924 1342 4005 agitur.

302 4009 407 4091 Kyrie
421 4011 557 4091 eleyson
573 4010 618 4072 iii
658 4010 778 4072 christe
793 4010 928 4092 eleyson
945 4011 987 4073 iii
1028 4010 1121 4094 kyrie
1136 4012 1271 4093 eleyson
1288 4012 1337 4077 iii.

303 4097 399 4159 Pater
414 4109 532 4159 noster.
579 4097 625 4159 Et
641 4118 691 4159 ne.

302 4183 378 4266 Ego
393 4185 474 4258 dixi,
489 4185 624 4246 domine
641 4185 792 4246 miserere
808 4184 881 4246 mei.

300 4269 391 4333 Sana
405 4272 551 4332 animam
568 4291 676 4332 meam
694 4273 771 4353 quia
786 4271 920 4353 peccavi
937 4271 1006 4333 tibi.

301 4356 501 4419 Convertere
517 4359 651 4420 domine
666 4378 844 4440 usquequo

302 4443 348 4505 Et
362 4444 578 4526 deprecabilis
593 4455 665 4507 esto
681 4465 779 4527 super
790 4465 901 4508 servos
918 4454 1000 4507 tuos

368 4765 375 4796 ¹
396 4769 413 4816 1¹
425 4769 517 4819 Christi
529 4778 553 4819 et
563 4771 615 4820 isti.

366 4832 377 4863 ²
396 4835 499 4898 l’opera
510 4843 552 4884 tua
563 4847 588 4886 et
599 4837 686 4901 dirige.
723 4838 766 4888 All
778 4837 853 4888 lonns
865 4839 907 4889 the
920 4825 943 4902 ll*
956 4848 985 4889 to
996 4838 1077 4888 which
1089 4839 1127 4888 E!
1138 4840 1171 4889 sit
1182 4838 1202 4888 is
1220 4840 1261 4889 the
1273 4842 1311 4902 Κ.
1347 4841 1404 4890 Sor.
1419 4841 1444 4892 ii.
1460 4855 1500 4908 55.

393 4915 495 4964 nstv.
519 4916 629 4965 HERF.
1352 4925 1373 4971 C
