3600 5834
671 1166 1127 1268 HPSALTERIUMJ]

292 1360 358 1424 Iste
372 1359 512 1442 lmmnus
525 1361 649 1425 dicitur
660 1363 709 1425 ud
720 1373 912 1427 nocturnum
927 1363 967 1426 ab
991 1364 1112 1426 octavis
1135 1362 1306 1445 epyphanie
1331 1381 1429 1443 usquc
1451 1359 1500 1422 ad

379 1450 690 1531 quadragesi'tttnirr.³

533 1537 695 1614 Hymnus.
878 1538 989 1600 Primo
1005 1540 1133 1601 dIerum
1149 1538 1353 1600 omnium1...

290 1621 357 1685 Iste
371 1621 512 1703 hymnus
525 1624 648 1685 dicitur
660 1623 702 1686 ab
721 1624 842 1686 octavis
862 1625 1079 1686 sollemnitatis
1100 1626 1239 1706 comonis
1259 1623 1377 1687 eluisti
1397 1643 1495 1705 usque

382 1710 430 1771 nd
439 1711 623 1773 nummum.

882 1798 990 1862 Nocte
1006 1808 1219 1881 surgentes...

381 1959 540 2021 Psalmus
546 1959 679 2042 priorsus
702 1961 826 2023 Beatus
841 1962 931 2024 vir...

382 2047 438 2109 Ps.
456 2047 476 2107 ii
718 2047 829 2129 Quare
845 2049 1089 2111 fremuerunt...

382 2133 439 2195 Ps.
457 2133 489 2194 iii
720 2135 865 2198 Domine
881 2138 1003 2218 quid...

383 2219 441 2283 Ps.
459 2221 491 2282 iv
719 2222 804 2286 Cum
822 2224 1050 2286 invocarem...

384 2306 442 2368 Ps.
459 2328 479 2368 v
724 2309 835 2371 Verba
852 2330 966 2371 mea...

387 2394 442 2455 Ps.
460 2394 490 2454 vi
701 2412 705 2421 ·
724 2395 870 2458 Domine
885 2416 927 2457 ne
944 2397 975 2458 in
993 2396 1141 2458 surore...
1374 2394 1489 2459 Gloria

298 2479 341 2541 Iu
356 2481 498 2542 adoniuu
513 2480 544 2542 Α
550 2490 594 2543 nt.
633 2480 709 2543 Non
727 2481 932 2544 auferetur...

298 2568 388 2629 Ante
402 2566 687 2648 quadragesimam
704 2569 802 2632 Anio
848 2568 1030 2632 serviret...

298 2652 362 2716 'lu
377 2655 627 2735 quadrigemina
643 2656 737 2718 nnis
782 2656 876 2718 Beati
893 2657 948 2737 qui
966 2658 998 2717 in
1017 2657 1088 2736 lege
1114 2665 1172 2718 tua
1195 2656 1314 2737 iugiter
1333 2655 1497 2717 meditan-

387 2751 440 2802 tur
465 2741 618 2803 domine:
651 2741 740 2804 beati
770 2743 826 2822 qui
855 2743 886 2804 in
914 2752 948 2806 te
975 2741 1179 2805 confidentes
1203 2744 1264 2805 tibi
1289 2744 1436 2804 serviunt
1463 2742 1495 2802 in

387 2829 523 2889 timore:
547 2830 589 2890 de
606 2840 850 2891 montesancto
873 2840 931 2892 tuo
955 2851 1014 2891 nos
1038 2831 1182 2892 clemens
1206 2830 1349 2892 exaudi:
1372 2848 1496 2891 nenos

388 2934 506 2994 arguas
523 2915 554 2975 in
572 2916 625 2976 die
643 2915 758 2976 furoris
774 2915 874 2977 tui.“

299 3000 341 3062 ln
357 3012 455 3062 estate
468 3000 566 3063 ninid
613 3001 676 3063 Pro
691 3001 768 3064 fidei
785 3004 951 3066 meritis..

365 3243 375 3266 ¹
394 3236 518 3296 Compare
534 3238 629 3285 Sanam
646 3238 721 3286 [ἶνιν.
742 3237 766 3287 ii.
788 3247 809 3301 5.
848 3238 873 3286 11
891 3238 937 3286 has
952 3238 1011 3300 only
1028 3238 1070 3286 the
1086 3236 1186 3286 biblica!
1206 3238 1305 3301 psaher,
1320 3237 1364 3285 but
1375 3236 1445 3300 gives
1457 3235 1499 3284 the

298 3313 452 3378 Antiphons,
463 3315 507 3364 &e
519 3314 545 3364 in
554 3315 618 3364 their
631 3315 713 3380 places
725 3315 751 3364 in
763 3317 806 3366 the
817 3315 975 3380 Temporale.
1008 3314 1041 3362 W
1053 3314 1113 3365 does
1124 3325 1168 3364 not
1181 3315 1253 3378 begin
1267 3315 1304 3363 till
1317 3315 1359 3363 the
1372 3314 1465 3363 middle
1474 3313 1503 3361 os

300 3392 340 3439 1¹&
353 3392 378 3440 ix
392 3396 437 3450 (x).

397 3469 675 3520 UhasDOMlNICA
698 3472 814 3520 PRIMA
838 3472 876 3519 IN
900 3470 1076 3520 ADVENTU
1101 3470 1270 3519 DOMINI—

622 3550 680 3597 Inv.
783 3548 946 3598 Eccevenit..
1187 3549 1228 3596 Ps.
1243 3546 1340 3596 Venite.

622 3628 748 3689 Iiyirerms.
785 3627 895 3675 Verbum
908 3641 1040 3689 supernum
1053 3625 1196 3689 prodiens..

490 3704 674 3753 DOMINICA
698 3705 814 3752 PRIMA
838 3704 926 3754 POST
949 3704 1111 3753 OCTAVAS
1137 3701 1380 3751 EPr'PHnNIE-

622 3782 680 3831 luo.
779 3782 919 3847 Jubilemus
930 3783 978 3830 deo
1186 3782 1228 3829 Ps.
1242 3780 1340 3828 Venite.

622 3860 749 3921 Hymnus.
787 3859 871 3908 Primo
882 3859 1008 3907 dierum...

490 3937 676 3988 DOMINICA
700 3937 817 3986 PRIMA
841 3937 930 3986 POST
953 3935 1218 3984 TRINITATEM—

623 4016 681 4065 Ino.
783 4014 954 4063 Laudemus...
1184 4015 1226 4061 Ps.
1241 4011 1339 4061 Venite.

623 4094 749 4155 Hymnus.
785 4093 865 4141 Nocte
876 4100 1033 4155 surgentes..

365 4170 376 4199 ⁵
396 4170 417 4219 U
431 4170 476 4217 has
488 4171 546 4219 l'ost
555 4179 650 4219 octavos
662 4171 823 4235 Epiphania:
840 4172 888 4218 and
902 4186 930 4218 so
941 4169 1100 4232 throughout.
1136 4170 1192 4217 Sur.
1211 4181 1248 4216 10.

391 4249 424 4293 W
437 4253 479 4295 has
491 4249 550 4296 l'ost
561 4250 742 4312 Epiphaniam.

364 4334 374 4354 ‘
392 4326 449 4375 wt·
463 4326 524 4374 omn
536 4327 568 4375 all
582 4327 678 4376 Lenten
689 4326 832 4391 antiphons,
846 4326 889 4375 but
902 4326 935 4372 W
946 4326 991 4374 has
1002 4327 1070 4375 them
1082 4324 1188 4374 inserted
1202 4324 1269 4384 (th.)
1282 4323 1307 4372 in
1320 4324 1361 4372 the
1374 4324 1475 4388 margin.

363 4403 375 4433 ⁴
395 4403 416 4452 U
431 4403 475 4451 has
487 4405 544 4452 l’ost
554 4412 650 4452 octavas
662 4405 825 4453 Pciitlccostes
834 4419 842 4452 :
858 4405 909 4452 and
920 4420 948 4453 so
960 4403 1119 4466 throughout.

366 4609 371 4641 ¹
392 4613 467 4661 Phas
478 4614 528 4663 line
543 4627 579 4663 11.
594 4623 618 4664 et
630 4615 749 4680 expiatos.
764 4617 780 4664 l.
796 4616 828 4664 26
840 4616 924 4680 proba.
940 4616 956 4664 l.
971 4627 1003 4678 30
1015 4613 1066 4679 Ipsi
1078 4612 1167 4662 effecti.
1182 4613 1316 4675 Doxology
1328 4612 1414 4660 Presta
1431 4613 1497 4673 only.

363 4675 374 4707 ²
385 4679 478 4742 ending
488 4687 513 4727 at
526 4680 623 4739 timore,
636 4695 664 4729 as
675 4681 748 4730 other
760 4681 864 4745 English
881 4698 936 4730 uses
954 4681 1004 4729 do:
1023 4680 1065 4728 the
1078 4680 1165 4726 Sarum
1177 4678 1226 4726 ond
1239 4678 1308 4725 vom
1321 4678 1441 4726 melodies
1457 4694 1499 4725 are

299 4743 444 4806 pmcticaliy
462 4748 503 4793 the
516 4760 592 4804 same,
607 4746 700 4821 though
714 4746 756 4795 the
768 4746 858 4795 former
870 4748 932 4795 ends
943 4746 968 4794 in
981 4746 1023 4794 the
1040 4745 1107 4794 third
1120 4744 1193 4792 mode
1204 4743 1254 4791 and
1275 4742 1317 4792 the
1332 4744 1408 4791 latter
1424 4742 1449 4791 in
1459 4743 1501 4791 the

298 4807 401 4872 eighth:
419 4809 463 4857 but
473 4809 522 4858 this
533 4811 653 4875 antiphon
666 4827 686 4861 rs
697 4811 726 4860 os
734 4812 776 4861 the
787 4811 838 4861 first
851 4810 925 4860 mode
937 4811 985 4859 aud
997 4809 1067 4874 quite
1077 4809 1254 4873 independens.

249 4961 251 4966 Ι
346 4888 449 4937 BREV.
475 4889 585 4940 HERF.
1349 4888 1370 4935 B
