3600 5834
781 733 837 782 AD
863 732 1010 784 NONAM.
1461 747 1491 783 21

296 882 464 964 Inscriis³
478 884 663 967 antiphona.
709 887 787 949 Non
802 885 1029 949 confundas..

299 970 493 1052 Capitulum.
538 973 656 1035 Altera
687 973 820 1036 alterius
850 992 951 1035 onera
980 981 1111 1055 portate
1136 982 1170 1037 et
1196 972 1243 1036 sic
1267 974 1492 1058 adimplebitis

383 1058 489 1139 legem
506 1059 628 1122 christi.

296 1144 595 1226 &Benedicam...
750 1145 949 1229 YSemper
984 1146 1095 1210 laus..
1164 1147 1320 1212 Inomni.

426 1232 549 1296 Gloria.
840 1234 1049 1297 Benedicam.

511 1318 545 1397 Y
570 1321 736 1384 Dominus
752 1321 876 1403 regit...
966 1322 1002 1402 ld
1026 1322 1065 1383 ln
1082 1320 1212 1384 locob...

781 1643 843 1707 Au
866 1658 1014 1708 nouum.
1116 1621 1122 1626 ’

297 1796 460 1877 Hymnus.
506 1798 630 1860 Rerum
646 1798 728 1861 deus
744 1808 848 1862 tenax
863 1800 998 1881 vigor...

297 1885 358 1947 *ln
373 1886 425 1947 die
441 1886 628 1948 natiuitatis
642 1886 770 1948 donn'ni
781 1897 811 1948 et
824 1886 1036 1967 quotidt'cpcr
1048 1896 1177 1950 octavas
1191 1889 1240 1951 ad
1250 1910 1376 1952 nonam.

434 1974 595 2052 Hymnus.
682 1973 775 2053 Juste
789 1972 894 2053 judex
913 1987 1117 2036 mortuorum

685 2059 779 2139 Juste
796 2080 854 2122 rex
871 2062 1052 2122 viventium

687 2147 817 2209 Dexter
833 2148 864 2208 in
882 2149 1027 2229 parentis
1043 2168 1116 2210 arce

685 2233 750 2314 Qui
767 2235 849 2295 cluis
864 2234 1040 2296 virtutibus

686 2321 847 2383 omnium
863 2332 1019 2382 venturus
1035 2320 1113 2383 inde

683 2407 798 2487 Justus
816 2407 903 2468 ultor
918 2408 1091 2470 criminum

773 2493 966 2556 Seculorum
983 2494 1109 2558 seculis.

686 2622 735 2684 Te
751 2642 854 2684 senex
870 2631 904 2685 et
920 2633 953 2684 te
965 2623 1132 2703 juventus,

686 2710 898 2771 Parvulorum
916 2720 948 2771 te
964 2710 1084 2773 chorus

685 2796 798 2858 Turba
815 2806 958 2858 matrum
974 2798 1207 2879 virginumque

686 2882 862 2964 Simplices
878 2882 1023 2964 puellule

686 2970 778 3030 Voce
794 2971 973 3033 concordes
989 2970 1118 3051 pudicis

685 3056 894 3137 Perstrepent
910 3056 1124 3118 concentibus

775 3142 968 3206 Seculorum
985 3141 1103 3205 seculis

686 3270 800 3334 Presta
816 3280 911 3352 pater
926 3270 1017 3352 [Tibi
1034 3270 1210 3353 christe]“

422 3431 478 3493 Ps.
495 3430 596 3494 cxviii
686 3430 903 3494 Mirabilia‘...

683 3518 873 3581 Clamavi...

685 3604 906 3685 Principes...

292 3720 334 3782 In
349 3716 521 3781 dotnint'cts
533 3716 720 3798 antiplona.
768 3717 824 3779 Ex
841 3738 908 3799 quo
923 3718 1076 3780 omnia...

294 3866 488 3948 Capitulum.
533 3864 616 3926 Tres
631 3874 709 3927 sunt
724 3864 780 3945 qui
805 3863 1033 3927 testimonium
1061 3864 1143 3927 dant
1159 3865 1192 3927 in
1208 3865 1280 3929 celo
1301 3876 1395 3949 pater
1419 3890 1489 3930 ver·

379 3954 459 4016 bum
475 3961 508 4013 et
524 3952 658 4031 spiritus
674 3962 808 4013 sanctus
824 3961 857 4013 et
873 3950 906 4012 hi
923 3962 989 4012 tres
1005 3971 1107 4014 unum
1124 3963 1208 4015 sunt.

334 4038 595 4123 RlClamavik..
780 4036 1134 4118 VJustificationes...
1182 4041 1326 4103 Exaudi.

465 4125 587 4188 Gloria
857 4124 1015 4188 Clamavi.

506 4209 539 4289 >7
563 4211 620 4274 Ab
635 4210 812 4274 occultis...
903 4212 938 4293 R?
961 4213 1006 4274 Et
1022 4211 1065 4274 ab
1079 4212 1234 4275 aliems...

485 4439 497 4461 ·
515 4431 538 4481 u
553 4432 690 4496 Perseum
700 4412 798 4482 mas.

486 4509 499 4538 Β
517 4510 540 4559 U
552 4511 615 4558 adds
626 4512 787 4574 Kyrieleyson
798 4512 853 4559 and
856 4519 940 4576 preces
942 4512 1050 4576 feriales
1060 4521 1090 4562 ut
1100 4523 1184 4579 supra.

487 4596 498 4617 ‘
518 4588 540 4637 U
553 4588 616 4637 adds
627 4589 715 4652 gloria.

781 4797 790 4831 ¹
810 4803 985 4855 Uaddsmeo.
