3600 5834
639 745 735 793 POST
749 745 843 794 ocrA
852 744 920 793 VAS
935 742 1167 793 EPYPHANIE.
1458 754 1506 803 213

382 897 545 977 usquead
561 897 839 977 septuagesimam,
854 906 886 959 et
908 896 1064 960 ntauorz'a
1085 894 1124 957 du
1146 894 1333 957 domnius
1382 893 1504 957 Tamen

381 983 415 1044 si
426 984 563 1064 aliquod
565 985 694 1064 festum
710 984 814 1046 trium
830 984 999 1047 lunanum
1023 982 1058 1044 in
1082 982 1148 1062 ipso
1169 981 1222 1044 die
1236 982 1414 1063 contigerit,
1429 991 1506 1044 tuuc

383 1071 548 1150 imprimis
560 1071 632 1153 fiat
653 1071 808 1135 meumria
823 1071 862 1133 de
883 1070 1055 1146 dauu'm'ca‚
1069 1079 1101 1131 et
1113 1079 1225 1150 postea
1245 1068 1284 1131 de
1297 1070 1387 1149 festa
1401 1069 1504 1131 trium

383 1157 551 1221 lectionum
567 1157 752 1240 adprimus
766 1168 915 1238 vesperas
929 1157 978 1219 ad
989 1156 1173 1219 matutinas
1186 1166 1219 1219 et
1231 1155 1280 1217 ad
1291 1153 1479 1218 missumst*

697 1418 758 1481 An
781 1416 1109 1482 COMPLETORIUM.b

294 1573 374 1635 Ant.
400 1572 566 1635 Miserere.
844 1569 847 1576 ’
896 1573 953 1636 Ps.
978 1571 1064 1637 Cum
1082 1572 1294 1636 inuocarem.c

297 1658 491 1739 Capitulum.
515 1660 568 1722 Tu
585 1659 617 1722 in
635 1660 740 1724 nobis

208 1783 212 1788 -
294 1745 458 1828 Hymnus.
482 1746 533 1809 Te
550 1747 640 1810 lucis
896 1745 938 1824 V.
963 1745 1111 1810 Custodi.

293 1834 375 1896 Aut.
400 1832 502 1897 salua
518 1834 637 1896 nosd...
895 1834 953 1896 Ps.
979 1833 1076 1896 Nunc
1093 1833 1242 1897 dimittis.

296 1920 433 1984 *Preces
447 1921 496 1983 ad
506 1921 744 2002 completorium
761 1930 799 1981 ut
820 1914 855 1981 iu
880 1920 1043 1983 dominica
1059 1921 1174 2000 prima
1196 1920 1357 1983 aduentus
1378 1919 1508 1984 donu'ui

381 2008 624 2089 e.rpleautur(p.
640 2007 706 2088 92).
736 2008 809 2070 Hoc
817 2008 909 2069 modo
916 2007 1062 2088 predicto
1070 2007 1203 2070 dicatur
1211 2008 1449 2088 completorium
1464 2007 1505 2069 ab

382 2095 506 2157 octauis
533 2095 701 2176 epiphanie
731 2114 829 2175 usque
857 2093 906 2155 ad
931 2093 1220 2176 quadragesimam
1250 2103 1282 2157 ct
1306 2094 1347 2156 ab
1382 2095 1506 2157 octauis

382 2182 522 2262 corporis
547 2182 664 2244 claerzkti
691 2201 790 2263 usque
811 2181 860 2243 ad
885 2181 1063 2244 aduentum
1094 2181 1227 2259 damini,
1250 2181 1384 2263 exceptis
1404 2181 1507 2262 sestis

374 2267 614 2349 principalibus
639 2267 819 2349 duplicibus
843 2278 876 2329 et
893 2268 1163 2348 sum'duplicibus,
1185 2278 1216 2331 ct
1236 2269 1370 2349 exceptt's
1384 2268 1507 2330 aclum's

382 2356 523 2418 alicuius
543 2356 632 2435 festi
651 2355 857 2437 principalis,
883 2364 915 2417 ct
940 2356 1009 2418 m'si
1030 2355 1066 2417 iu
1095 2355 1392 2419 conuucmaratione
1421 2355 1507 2419 beate

383 2440 538 2506 manif*
1229 2445 1236 2451 “

745 2624 804 2689 An
829 2639 1059 2690 munais.

295 2777 540 2843 Inuitatarium.
566 2781 870 2864 Preoccupemus...
1005 2783 1061 2847 Ps.
1084 2784 1215 2848 Venite.

296 2863 390 2927 *Hac
403 2865 636 2930 inuitatarium
651 2869 778 2932 dicutur
790 2870 939 2933 ommibus
953 2870 1125 2934 dominicis
1139 2870 1269 2952 quando
1291 2870 1330 2934 dc
1344 2870 1506 2934 dammim

381 2954 498 3034 agitur
511 2974 610 3035 nsque
624 2956 673 3018 ad
682 2955 1004 3040 septuagesimam.**

294 3037 458 3119 Hymnus.
483 3041 596 3104 Primo
612 3042 775 3107 dierumss¹

731 3200 774 3263 Iu
781 3201 893 3282 primo
910 3214 1071 3265 nocturno.

295 3306 383 3371 ‘Ana
409 3309 548 3374 Seruite.
897 3314 954 3377 Ps.
980 3315 1104 3378 Beatus
1120 3315 1176 3379 vir.

293 3394 374 3457 Ant.
399 3396 547 3460 Domine
564 3398 646 3462 deus
663 3419 764 3464 meus.
895 3401 953 3465 Ps.
979 3402 1103 3484 Ipsum.

294 3482 376 3546 Ant.
401 3484 553 3566 Respice.
894 3489 952 3551 Ps.
978 3489 1125 3553 Saluum.

295 3566 339 3647 57.
363 3569 495 3634 Memor
512 3572 566 3635 sui.

360 3826 371 3847 ³
389 3817 415 3865 H
435 3818 544 3879 (earlier)
569 3821 602 3868 Si
611 3820 709 3883 sestam
732 3823 843 3869 alicuius
864 3823 948 3870 sancti
963 3824 1044 3870 trium
1063 3824 1193 3871 lectionum
1217 3825 1247 3873 in
1269 3823 1366 3872 sabbato
1384 3823 1505 3883 cusnani,

490 3898 625 3945 seruilium
637 3897 692 3960 fiat
707 3900 736 3947 dc
755 3901 824 3948 beata
841 3900 935 3959 man'a,
948 3907 972 3948 ct
991 3901 1110 3949 memoria
1128 3902 1157 3949 da
1172 3909 1255 3949 sancto
1270 3898 1395 3963 usquead
1410 3905 1505 3961 septua-

485 3975 615 4036 gesimam.

361 4047 373 4078 ¹*
390 4049 423 4097 W
442 4052 488 4099 Aa
504 4053 688 4114 complclarium
707 4054 794 4102 amnia
812 4054 881 4116 fiant
898 4062 928 4103 ut
949 4062 1028 4119 snpra
1048 4062 1152 4105 nutalur
1173 4055 1202 4103 in
1216 4056 1333 4118 ,crastino
1359 4062 1505 4104 asianarum

489 4130 633 4192 epyphanie.

360 4214 370 4235 ³·
389 4204 415 4253 H
427 4206 465 4253 Et
475 4214 561 4267 cetera,
573 4209 724 4271 capitulum,
732 4227 829 4274 yumus
839 4218 863 4260 ct
874 4228 963 4261 uersus
973 4213 1039 4261 sicul
1050 4214 1079 4261 ia
1085 4212 1173 4277 pn'ma
1183 4202 1310 4260 dominica
1320 4211 1450 4260 aduentus.

361 4282 373 4314 ‘¹
390 4284 448 4332 Sar.
463 4284 480 4336 i.
498 4284 555 4348 367.

360 4369 371 4393 θ
388 4361 421 4409 W
437 4364 489 4412 Hic
499 4380 598 4427 ymnus
613 4382 669 4414 cum
681 4384 761 4430 ymno
774 4368 867 4418 Eterne
884 4385 965 4418 rerum
984 4369 1085 4417 diceudo
1095 4368 1123 4416 iu
1142 4368 1258 4438 laudibus
1276 4384 1321 4418 suo
1340 4369 1387 4417 loco
1406 4367 1508 4416 dicatum

489 4444 623 4492 dmm'm'cis
633 4445 719 4493 diebus
729 4462 807 4510 usquc
818 4448 854 4495 ad
861 4448 1086 4512 quadragesimam.

360 4518 369 4549 s
387 4519 411 4567 11
423 4519 492 4583 gives
503 4521 599 4586 longer,
613 4521 645 4568 W
657 4523 753 4571 shorter
764 4540 830 4574 cues.

688 4637 695 4667 ¹
715 4639 741 4687 H
778 4640 826 4688 line
842 4652 878 4689 11.
916 4640 950 4690 Ut
962 4639 1083 4703 expiatos,

787 4741 806 4765 „
841 4717 879 4766 23.
920 4707 965 4753 Per
976 4721 1058 4768 quem.

717 4770 767 4817 111>
785 4806 803 4831 ,‚
839 4769 878 4820 28.
915 4769 996 4819 Nobis
1008 4770 1122 4834 benigue.
