3600 5834
532 802 746 853 EBDOMADA
780 802 918 853 TERTIA
941 804 1156 855 ADVENTUS.
1401 819 1446 868 129

242 954 285 1019 In
307 956 361 1019 loos
375 955 551 1019 matutinis
569 978 626 1019 noc
645 956 681 1019 in
704 956 879 1020 matutinis
900 967 986 1021 sento
995 959 1086 1037 serio
1106 972 1139 1021 ot
1158 958 1288 1023 sabbati
1306 970 1448 1041 quatuor

330 1054 506 1125 temporum
537 1043 594 1107 ubi
619 1044 743 1126 legitur
766 1045 972 1125 euangelium
999 1066 1054 1107 um
1074 1056 1183 1125 preces
1210 1045 1366 1110 dicantur
1390 1068 1445 1110 nec

322 1130 502 1213 prostratio
522 1130 599 1213 fiat.
658 1132 766 1195 Nulla
791 1132 891 1194 otram
919 1131 1074 1195 rotomorio
1098 1133 1167 1194 orosi
1185 1133 1313 1213 festum
1340 1135 1443 1197 trium

328 1218 497 1281 lectionum
511 1228 663 1281 occurrat.

244 1302 366 1368 Oratio.
412 1305 547 1369 Festina
573 1325 753 1387 quesumus
778 1307 913 1369 domine
938 1326 979 1368 ne
1006 1307 1188 1369 tardaveris
1219 1316 1252 1370 et
1279 1307 1442 1370 auxilium
1506 1371 1510 1382 ,

330 1391 425 1455 nobis
454 1412 596 1474 superne
620 1393 749 1455 virtutis
780 1393 956 1475 impende;
987 1404 1023 1456 ut
1053 1394 1216 1456 adventus
1249 1395 1297 1457 tui
1324 1415 1441 1456 conso-

329 1478 506 1541 lationibus
532 1479 743 1542 subleventur
767 1480 824 1561 qui
851 1480 883 1542 in
908 1490 964 1543 tua
989 1479 1113 1563 pietate
1139 1479 1319 1545 confidunt.
1373 1480 1441 1564 Qui

328 1565 419 1629 vivis,

241 1652 312 1716 Hoc
332 1653 436 1715 oratio
460 1651 583 1715 dicitur
603 1652 652 1715 ad
672 1653 734 1715 ltas
760 1654 942 1716 uoatntinas
965 1664 1122 1729 tautum,·
1154 1655 1203 1717 ad
1221 1675 1329 1717 onmes
1353 1653 1440 1717 alias

326 1738 424 1801 looras
446 1738 570 1801 dicitur
589 1740 694 1803 oratio
719 1741 924 1803 douu'nicolis
945 1752 977 1803 et
991 1753 1101 1822 proces
1125 1740 1279 1804 do‘cantur
1297 1751 1328 1805 at
1345 1752 1439 1823 pros-

327 1826 483 1889 tratooms
488 1826 587 1908 fiant.

240 1911 411 1977 Matutino
423 1914 462 1975 do
476 1924 587 1975 sancta
604 1914 722 1976 Mario
738 1914 941 1976 inconvento
957 1937 1018 1978 non
1034 1914 1256 1979 duranum

695 2149 757 2210 An
779 2161 973 2211 susumus,

240 2285 321 2347 Ant.
345 2283 565 2367 Quomodo..
916 2284 972 2347 Ps.
998 2284 1200 2366 Magnificat

243 2369 381 2436 *Oratio
395 2372 600 2435 douu'uicalis
614 2370 788 2435 dz'ct'tttr.”

653 2734 802 2798 FERIA
835 2730 1036 2815 QUINTA.

238 2944 475 3009 Inuitatom'um
497 2944 637 3026 hymnus
658 2954 689 3007 ot
709 2964 823 3006 vorsus
842 2952 881 3005 ut
901 2952 1008 3023 sopra.
1062 2941 1248 3023 Autzploono
1270 2953 1301 3006 et
1316 2942 1444 3025 psalmi

328 3033 420 3096 illius
426 3033 517 3113 sorr'e
530 3033 691 3095 dicuutur.

239 3119 346 3183 Lectio
362 3120 401 3183 ib
447 3120 553 3201 Prope
568 3117 801 3181 est...humum
817 3136 920 3179 suam.

237 3207 344 3269 Lectio
361 3207 394 3269 ii.
440 3204 806 3288 Adiungetur...locum
822 3224 928 3266 suum.

237 3293 346 3357 Lecto
360 3294 409 3358 iii.
454 3294 500 3356 Et
516 3292 918 3376 possidebit...cxactores
933 3310 1018 3352 suos.

325 3383 365 3442 p
381 3381 517 3445 Emitte.

304 3538 315 3562 ¹
338 3531 364 3579 H
376 3531 422 3580 has
436 3531 530 3579 Oratio
567 3530 652 3578 Pressa
663 3542 821 3592 quesumus.
841 3561 847 3575 .
868 3561 874 3574 .
896 3562 902 3575 .
922 3527 979 3574 Sar.
992 3524 1007 3572 i.
1025 3536 1079 3586 119.

336 3609 381 3657 Ad
389 3609 529 3656 matutinos
539 3607 618 3655 huius
634 3606 687 3654 diei
702 3620 751 3654 non
768 3604 890 3652 derantur
899 3611 982 3666 proces
998 3618 1041 3650 nec
1057 3602 1145 3665 altipuo
1157 3603 1284 3663 morsurus,
1297 3619 1340 3652 nec
1350 3604 1439 3668 aliqua

367 3686 407 3734 dic
417 3686 516 3749 quando
527 3684 644 3747 expositio
654 3682 782 3745 euangelii
789 3681 897 3744 legitur:
908 3681 997 3743 prima
1006 3695 1064 3728 estro
1074 3686 1098 3727 ct
1107 3695 1189 3727 ournes
1198 3680 1254 3729 hore
1262 3682 1315 3730 diei
1319 3682 1437 3732 dicantur

368 3778 423 3811 tum
430 3762 545 3826 preor'bus
555 3769 578 3809 et
590 3761 701 3808 oratioue
711 3760 739 3808 de
750 3759 883 3808 dominico.

336 3837 371 3889 0²
382 3840 427 3889 has
438 3841 528 3889 Preces
540 3854 591 3887 uon
602 3838 724 3886 dicantur.
749 3837 839 3887 Oratio
852 3836 939 3884 Prista
950 3851 1083 3899 quesumus
1095 3835 1223 3884 corrected
1235 3835 1260 3884 in
1272 3853 1287 3885 a
1299 3839 1360 3887 later
1370 3836 1436 3887 hand

369 3927 394 3966 to
406 3918 517 3967 Festina.
554 3917 611 3965 Hec
623 3914 704 3964 oratio
720 3915 817 3964 dicatur
833 3914 865 3962 ad
882 3913 1017 3962 matutinas
1034 3922 1131 3962 tuntum
1143 3922 1168 3962 et
1185 3913 1264 3962 oratio
1280 3914 1437 3965 dominicalis

368 3995 401 4043 ad
416 3994 478 4043 alias
496 3994 570 4044 horas
586 3993 680 4042 scilicet
698 3994 794 4040 Aurem
812 4002 891 4040 tecam.
929 3991 1006 4039 Nulla
1022 3990 1118 4039 dicatur
1135 3991 1255 4040 memoria
1266 4007 1312 4042 nec
1323 3992 1437 4043 dicantur

368 4071 491 4121 matutine
502 4072 534 4120 de
545 4081 631 4120 sancta
648 4068 726 4118 maria
742 4068 768 4117 in
785 4077 919 4118 conuentu.
957 4068 1014 4117 Hac
1026 4067 1068 4117 die
1079 4083 1129 4116 non
1142 4077 1299 4132 prosternant
1310 4070 1393 4120 clerici
1403 4071 1437 4120 ad

369 4150 504 4198 matutinas
522 4159 621 4213 propter
638 4145 843 4196 enunciacionem
856 4145 980 4208 euangelii
993 4146 1036 4194 sed
1053 4145 1087 4194 ad
1103 4161 1190 4195 omnes
1207 4146 1268 4196 alias
1283 4146 1356 4197 horas
1368 4164 1437 4213 pros·

369 4235 467 4276 ternant
478 4243 514 4288 se,
528 4226 560 4275 ad
572 4225 671 4274 missum
683 4233 708 4273 et
720 4225 751 4272 ad
764 4240 880 4288 uesperas
891 4224 923 4271 ad
936 4223 1021 4271 laudes
1037 4223 1090 4271 sine
1102 4239 1174 4287 prece
1186 4224 1255 4273 omni
1266 4223 1326 4274 feria
1336 4226 1438 4290 quando

369 4304 495 4369 exposicio
511 4302 601 4368 legitur
612 4303 644 4352 ad
661 4303 795 4351 matutinas
812 4301 856 4349 sed
871 4300 904 4348 ad
921 4309 1016 4349 ceteras
1032 4299 1105 4374 horas
1117 4312 1141 4349 et
1154 4300 1186 4349 ad
1198 4316 1313 4366 uesperus
1323 4304 1437 4354 dieantur

371 4398 455 4446 preces
467 4392 491 4432 et
508 4382 591 4430 oracio
602 4382 634 4430 de
645 4380 771 4429 dominica
783 4388 809 4428 ut
822 4378 889 4443 prius
901 4378 995 4426 dictum
1012 4387 1056 4426 est.
1094 4377 1166 4427 Idem
1184 4380 1273 4431 modus
1289 4383 1436 4432 serueturin

369 4463 446 4513 nibus
463 4463 551 4513 diebus
567 4462 727 4526 rogacionum
743 4461 811 4525 quod
822 4459 902 4509 oratio
915 4474 964 4523 que
976 4458 1067 4508 dicitur
1077 4460 1110 4508 ad
1122 4459 1224 4511 missum
1236 4477 1286 4514 nou
1297 4463 1391 4515 dicetur
1403 4464 1436 4514 ad

369 4540 441 4591 horas
453 4557 499 4592 nec
510 4542 542 4590 ad
554 4556 669 4605 uesperas
680 4540 727 4589 nisi
739 4538 765 4587 in
777 4537 862 4602 uigilia
873 4535 1024 4587 ascensionis
1035 4537 1141 4589 domiui.

304 4617 495 4683 bSar.i.152.
533 4618 772 4668 Hbusiorlessons

385 4696 403 4746 i.
423 4697 455 4746 Et
466 4696 559 4746 adiecit
570 4694 685 4745 dominus
702 4731 708 4744 .
729 4729 735 4743 .
757 4729 764 4742 .
784 4728 790 4742 .
809 4693 917 4757 signum.
932 4694 990 4744 Sar.
1004 4692 1021 4743 i.
1036 4702 1077 4758 95.

377 4773 402 4823 ii.
423 4774 489 4824 Ecce
500 4775 570 4839 virgo
587 4811 593 4823 .
612 4811 618 4823 .
639 4811 645 4822 .
666 4810 672 4821 .
692 4788 778 4837 regum
790 4786 898 4824 suorum.

368 4851 404 4902 iii.
423 4852 564 4903 Adducet.
585 4889 591 4902 .
612 4889 618 4901 .
639 4889 645 4902 .
666 4850 835 4901 foraminibus.

324 4931 430 4984 BREV.
453 4932 564 4983 HERF.
