3600 5834
334 767 383 820 m
393 767 445 819 ΝΑ
453 767 539 819 TALI
558 767 673 822 UNIUS
695 769 864 822 VIRGINIS
877 769 963 820 NON
976 770 1174 821 MARTYRIS
1187 769 1331 822 NOVEM
1342 768 1447 822 Lacr.
1469 769 1499 824 81

768 990 829 1053 Ao
852 1003 1032 1054 sensnm.

300 1098 383 1165 Ant.
406 1100 491 1165 Veni
506 1121 637 1184 sponsa

779 1289 840 1352 Ao
863 1302 1025 1356 sax'rnn.

300 1397 334 1464 Α
340 1410 382 1464 nt.
407 1397 521 1465 Media
537 1409 640 1463 nocte.

794 1583 855 1647 An
879 1597 1026 1650 nonnis.

300 1719 383 1785 Ant.
406 1720 502 1784 Tunc
517 1727 741 1784 surrexerunt.

301 1807 352 1872 Et
363 1817 464 1956 altero
478 1808 527 1871 ad
537 1808 635 1871 noras
649 1816 687 1871 nt
701 1808 737 1871 in
752 1808 862 1872 natali
881 1808 981 1872 nnius
1001 1805 1145 1892 virginti
1165 1815 1198 1873 et
1217 1805 1374 1889 martyrii
1388 1828 1500 1873 novem

401 1904 565 1958 ectronnm.

303 2430 355 2493 ΙΝ
403 2429 587 2496 NATALI
638 2430 789 2498 UNIUS
833 2429 1055 2496 VIRGINIS
1101 2430 1203 2498 NON
1246 2431 1501 2497 MARTYRIS

653 2543 826 2609 NOVEM
861 2542 1162 2609 LECTIONUM.

765 2732 826 2795 Ao
850 2745 1042 2796 vnsmnns.

296 2899 382 2961 Ant.
405 2896 564 2960 Accinxit
587 2897 778 2959 fortitudine
801 2895 933 2959 lumbos
962 2916 1040 2959 suos
1069 2901 1104 2960 et
1133 2895 1301 2960 roboravit
1328 2891 1499 2961 brachium

387 3003 483 3048 suum
500 2984 641 3065 ideoque
657 2984 790 3046 lucerna
804 2984 873 3046 eius
891 3003 956 3046 non
972 2983 1187 3067 extinguetur
1202 2983 1235 3046 in
1251 2982 1498 3067 sempiternum.

389 3071 674 3148 Psalnn'serialcs.

298 3156 378 3240 Cap.
401 3156 468 3239 Qui
484 3156 682 3239 gloriatur...
1015 3157 1051 3240 Rz
1074 3156 1229 3242 Regnum
1245 3155 1371 3222 mundi.

298 3245 459 3325 Hymnus.
484 3244 630 3327 Virginis
647 3243 755 3326 proles
771 3241 812 3322 V.
860 3243 971 3327 Hujus
986 3245 1133 3307 obtentu.
1179 3245 1292 3309 Gloria
1307 3242 1393 3326 patri
1409 3243 1502 3328 geni·

386 3341 495 3412 toque.
1008 3329 1042 3408 57
1066 3329 1196 3395 Diffusa
1211 3340 1270 3396 est

296 3419 380 3482 Ant.
403 3417 519 3482 Simile
534 3426 584 3480 est
601 3436 739 3500 regnum
754 3416 899 3481 celorum
915 3438 1046 3501 sagene.
1172 3419 1229 3482 Ps.
1254 3417 1457 3503 Magnificat.

297 3505 425 3570 Oratio.
471 3505 607 3568 Exaudi
627 3525 686 3567 nos
703 3505 785 3567 deus
805 3504 957 3567 salutaris
981 3513 1093 3568 noster
1113 3506 1159 3568 et¹
1174 3505 1258 3568 sicut
1277 3506 1318 3568 de
1342 3506 1438 3568 beate
1457 3504 1500 3567 N.

385 3592 520 3675 virginis
536 3601 591 3654 tue
608 3592 784 3657 festivitate
799 3592 983 3676 gaudemus
995 3591 1041 3655 ita
1052 3593 1106 3675 pie
1118 3591 1303 3656 devotionis
1314 3593 1502 3656 erudiamur

386 3677 516 3742 affectu.
564 3679 633 3741 Per.

306 3765 367 3830 Vel
378 3766 489 3829 oratio.
513 3765 668 3831 Concede
692 3765 787 3829 nobis
809 3785 988 3848 quesumus
1011 3763 1222 3848 omnipotens
1239 3765 1320 3830 deus
1335 3774 1449 3830 sancte
1467 3768 1495 3830 N

387 3853 521 3936 virginis
548 3863 604 3916 tue
630 3853 781 3916 exultare
812 3855 936 3917 meritis
962 3861 996 3915 et
1026 3851 1260 3917 beneficiorum
1291 3854 1360 3917 eius
1390 3852 1497 3918 attolli

388 3939 560 4021 suffragiis.
608 3940 675 4003 Per.

281 3928 292 3962 4

752 4171 813 4236 An
836 4183 1065 4238 nnnumnns.

286 4311 544 4377 ¹invitatorium.
568 4313 705 4396 Agnum
728 4331 896 4394 sponsum.
1200 4312 1258 4377 Ps.
1280 4310 1409 4375 Venite.

301 4399 461 4480 Hymnus.
485 4400 631 4484 Virginis
642 4398 771 4482 proles.>
804 4396 866 4484 [W]
886 4396 996 4479 Hujus
1008 4398 1156 4463 obtentu.
1201 4396 1263 4482 [V]
1280 4399 1393 4463 Gloria
1402 4400 1496 4482 patri.

299 4486 428 4550 Novem
440 4488 611 4569 antiphone
623 4507 694 4549 cnm
715 4486 787 4549 snis
801 4485 944 4566 psalnns
969 4495 1002 4547 et
1023 4484 1191 4548 versiculis
1213 4486 1249 4548 in
1273 4488 1438 4550 nocturnis
1460 4498 1500 4551 nt

389 4585 488 4656 supra
510 4575 544 4637 in
560 4574 668 4637 natali
689 4572 789 4636 nntius
803 4571 946 4655 virginis
964 4581 995 4634 et
1010 4571 1169 4653 martyris
1188 4592 1299 4637 novem
1318 4573 1495 4637 lectionum.

390 4661 515 4725 Novem
529 4661 674 4725 lectiones
678 4660 780 4742 fiant.

840 4814 849 4848 ¹
869 4841 903 4892 u.

393 4926 496 4979 BREV.
521 4927 629 4978 HERF.
