3600 5834
290 746 322 781 zo
751 733 807 781 AD
830 733 995 783 SEXTAM.

293 885 458 965 Infertis¹
476 886 551 949 Ant
592 886 740 949 Veniant
756 886 896 949 michi...

295 972 489 1054 Capitulum.
534 973 624 1038 Sana
640 992 734 1035 me...
828 974 904 1036 Deo
919 974 1050 1055 gratias.

378 1062 527 1142 &Sana
542 1062 730 1123 animam...
819 1057 1181 1144 VEgodixi...Quia.
1221 1059 1342 1125 Gloria.
1386 1059 1476 1127 Sana

465 1144 499 1223 >7
520 1148 667 1209 Adiutor
683 1147 1028 1230 meus...derelinquas
1042 1168 1102 1210 me.
1227 1143 1231 1151 ’

466 1234 502 1317 Rt
525 1235 643 1316 Neque
659 1235 845 1317 despiciasa.

770 1589 832 1653 Ao
855 1604 1012 1656 suxrmr.

296 1746 453 1827 Hjmtnus.
500 1748 624 1812 Rector
638 1760 765 1832 potens,
780 1772 882 1813 verax
899 1752 1022 1813 deus..

294 1834 354 1896 'ln
369 1834 422 1896 die
436 1835 624 1899 natiuitatis
649 1838 777 1899 dormiri
787 1848 819 1900 ct
828 1838 970 1919 quotidie
983 1857 1081 1918 usque
1095 1837 1144 1900 ad
1155 1836 1428 1901 circumcisionem
1445 1837 1493 1899 ad

379 1932 501 1984 sextum

339 2047 341 2052 ·
432 2009 596 2089 Hymnus.
685 2010 773 2074 Ecce
788 2031 886 2093 quem
903 2020 997 2074 vates
1012 2011 1151 2074 vetustis

683 2098 912 2161 Concinebant
928 2098 1045 2160 seculis

683 2185 792 2266 Quem
810 2186 1043 2267 prophetarum
1062 2183 1175 2248 fideles

683 2272 807 2353 Pagine
822 2272 1078 2353 spoponderant,

683 2358 816 2422 Emicat
831 2360 1011 2440 promissus
1027 2358 1116 2430 olim,

684 2444 812 2508 Cuncta
828 2446 1017 2508 collaudent
1033 2465 1109 2506 eum

768 2532 962 2596 Seculorum
978 2532 1104 2593 seculis

683 2667 807 2731 Psallat
822 2669 964 2731 altitudo
980 2669 1039 2731 celi

681 2755 829 2818 Psallant
845 2775 961 2818 omnes
976 2755 1095 2837 angeli,

682 2840 847 2924 Quicquid
864 2853 915 2904 est
930 2843 1059 2905 virtutis
1075 2861 1214 2923 usquam

683 2929 808 2991 Psallat
823 2930 856 2991 in
874 2930 1005 2991 laudern
1022 2928 1075 2991 dei

681 3015 783 3078 Nulla
800 3016 986 3096 linguarum
1002 3016 1133 3077 silescat

680 3102 759 3165 Vox
775 3112 808 3164 et
824 3099 959 3177 omnesl
973 3111 1132 3164 consonet

768 3188 962 3253 Seculorum
979 3189 1104 3252 seculis.

680 3321 757 3384 Tibi
773 3322 902 3384 christe.
1164 3319 1204 3356 ”⁵

421 3480 483 3544 Ps.
495 3482 595 3545 cxviii
685 3482 816 3546 Deiecit
833 3483 864 3545 in
882 3482 1065 3544 salutare...

682 3570 861 3651 Quomodo
877 3569 1021 3632 dilexi...

685 3658 821 3739 Iniquos
837 3656 978 3718 habui...

291 3764 351 3828 an
365 3766 535 3830 darnznicis
548 3767 732 3851 antiphona.
777 3768 890 3832 Gloria
906 3768 1054 3831 laudis...

295 3904 489 3985 Capitulum.
535 3905 627 3968 Deus
651 3907 770 3968 caritas
794 3914 853 3982 est,
877 3915 911 3968 et
937 3906 993 3987 qui
1018 3912 1129 3967 manet
1148 3904 1182 3965 in
1206 3904 1342 3967 caritate
1366 3904 1398 3966 in
1422 3905 1487 3968 deo

380 4003 491 4054 manet
507 4002 540 4055 et
556 3994 638 4055 deus
654 3993 686 4054 in
702 4014 751 4068 eo,
767 4002 800 4054 et
817 4013 876 4054 nos
894 4011 1086 4054 maneamus
1103 3993 1134 4052 in
1152 3992 1248 4071 ipso.c

335 4077 433 4160 Rtln
449 4089 640 4142 eternum...
758 4077 998 4157 Vlncelffl
1040 4079 1223 4141 Permanet.
1270 4076 1389 4141 Gloria.
1437 4078 1486 4141 ln.

551 4164 585 4244 ll'
608 4167 774 4230 Dominus
789 4167 880 4248 regit

356 4408 367 4432 ¹
386 4403 410 4452 U
427 4402 487 4451 adds
503 4404 664 4468 Kyrieleyson
681 4405 746 4467 &sq
764 4407 848 4459 Preces
864 4406 972 4471 feriales
988 4412 1018 4454 u!
1028 4405 1105 4469 prius
1125 4411 1227 4453 rectatur
1247 4406 1276 4454 in
1293 4406 1397 4455 :numia
1415 4407 1487 4468 jcria

290 4478 426 4529 Adeamus.

356 4558 367 4589 ⁸²
387 4560 409 4610 U
421 4561 485 4609 adds
494 4561 575 4610 dictis.

355 4644 365 4665 ‘
384 4638 436 4689 HU
449 4638 512 4689 omit
523 4640 569 4689 last
581 4639 628 4690 live
640 4640 729 4692 words.

354 4777 361 4808 ¹
380 4782 403 4832 U
416 4780 479 4833 adds
489 4780 580 4833 vauri.
