3600 5834
467 774 657 825 DOMINICA
676 775 796 823 PRIJIA
814 773 1024 826 ADVENTUS
1038 776 1188 825 DOMINI.
1389 789 1433 827 101

319 929 355 990 iu
371 928 436 1007 cpso
450 928 580 990 sabbato
586 927 680 1008 fiant
693 938 818 1007 vespere
832 927 871 990 de
885 927 1048 990 donn'nico
1058 937 1090 991 et
1098 929 1261 991 sollemnis
1276 929 1431 992 rrcernoria

318 1015 358 1077 de
363 1015 452 1093 festo
462 1036 477 1087 ,·
500 1014 569 1075 nc'si
578 1014 691 1093 fucrit
707 1014 826 1094 duplex
836 1015 972 1093 festum,
993 1025 1070 1077 tum
1088 1015 1174 1078 enim
1197 1026 1293 1078 erunt
1307 1026 1430 1096 vespere

317 1100 357 1164 de
368 1103 456 1182 festo
470 1109 502 1163 et
522 1100 685 1163 sollemnis
707 1101 862 1162 memoria
883 1102 922 1162 de
943 1102 1113 1163 donn'nieo,
1160 1103 1203 1165 Si
1222 1124 1296 1165 vero
1304 1105 1431 1183 festum

316 1188 452 1268 simplex
476 1187 530 1249 vel
554 1186 752 1267 serruduplerc
780 1188 815 1250 iu
841 1188 953 1268 ali'quo
982 1189 1142 1251 dominica
1166 1200 1228 1270 per
1255 1190 1431 1252 allocutum

317 1274 464 1348 evenerit,
479 1285 602 1355 semper
619 1274 797 1354 differatur
810 1275 845 1336 in
861 1275 1039 1338 crastinum
1061 1275 1243 1355 ursisnerit
1249 1277 1376 1355 festum
1394 1278 1429 1340 S.

319 1361 456 1423 nicolai:
474 1361 552 1442 quia
560 1360 594 1423 si
600 1361 761 1423 dorrriru'ca
772 1362 921 1438 evenerit,
934 1383 995 1423 non
1005 1361 1224 1443 dfferaticrin
1240 1364 1428 1437 crastimcm,

317 1448 377 1509 sed
395 1448 430 1509 in
452 1457 605 1529 quartam
619 1448 758 1527 fernam,
779 1458 816 1509 ut
833 1449 975 1529 inferius
993 1450 1028 1511 iu
1042 1450 1131 1529 festo
1150 1450 1291 1512 eiusdem
1300 1451 1431 1533 plenius

310 1534 444 1616 patebit.

231 1620 261 1686 S
261 1622 277 1683 i
289 1642 363 1683 s’ero
378 1621 441 1683 tale
447 1620 575 1700 festum
589 1620 731 1700 simplex,
746 1621 864 1701 duplex
875 1622 929 1683 vel
939 1619 1137 1701 serm'duplex
1150 1623 1184 1685 in
1196 1623 1334 1685 secunda
1340 1624 1430 1700 serta

317 1708 492 1788 contigerit,
507 1717 584 1769 tunc
601 1708 637 1769 iu
656 1707 817 1769 dominica
824 1706 910 1790 fient
924 1719 1048 1788 vespere
1062 1708 1101 1770 de
1108 1710 1196 1789 festo
1216 1720 1247 1772 et
1268 1711 1429 1773 sollemnis

318 1794 472 1856 rnernoria
486 1793 525 1856 de
538 1794 707 1856 domim'ca.

231 1881 278 1945 Si
289 1902 363 1943 vero
373 1883 501 1961 festum
523 1880 727 1961 conceptionis
747 1879 834 1942 beate
850 1881 953 1942 morie
968 1881 1004 1942 in
1024 1881 1136 1962 aliqua
1156 1883 1318 1945 doon'm'co
1337 1884 1430 1962 infra

316 1968 491 2029 adventurn
512 1967 689 2048 eontigerit,
705 1966 821 2030 ibidem
836 1967 960 2046 festive
980 1967 1151 2030 celebretur
1169 1991 1241 2031 curn
1256 1971 1379 2052 prinu's
1401 1982 1432 2033 et

316 2054 462 2116 secundis
477 2055 615 2135 vesperis
628 2064 659 2115 et
671 2054 821 2116 sollemni
833 2054 989 2116 rnernoria
1003 2055 1042 2116 de
1056 2056 1225 2118 dominico.

232 2141 428 2222 Quocunque
449 2161 523 2203 vero
544 2141 597 2203 dic
619 2141 711 2222 infra
734 2141 908 2202 adventum
924 2142 1051 2220 festum
1078 2142 1288 2205 decimationis
1310 2144 1432 2206 ecclesie

317 2229 370 2291 vel
386 2230 514 2309 festum
543 2228 604 2290 loci
631 2227 779 2301 evenerit,
809 2227 927 2289 ibidem
956 2227 1127 2289 celebretur
1154 2250 1225 2290 cnm
1249 2231 1372 2311 primis
1400 2241 1431 2293 et

316 2315 463 2376 secundis
472 2315 611 2395 vesperis
621 2338 633 2377 .·
655 2314 779 2394 quodsi
789 2314 823 2375 in
833 2315 952 2396 vigilia
962 2315 1150 2376 nativitatis
1158 2316 1429 2379 dorm'm'altermn

317 2402 452 2463 istorum
468 2401 615 2474 evenerit,
632 2400 749 2463 ibidem
764 2401 942 2477 celebretur,
954 2411 985 2463 et
999 2411 1075 2463 tunc
1087 2402 1126 2463 de
1139 2403 1285 2464 secundis
1293 2406 1431 2485 vesperis

318 2488 477 2570 nibilfiat
492 2488 561 2549 m'si
572 2497 700 2550 tantum
718 2488 878 2550 rnernoria.

229 2574 391 2653 Descstis
408 2584 516 2636 nutem
539 2575 641 2636 trium
664 2575 832 2636 lectionum
855 2595 916 2655 qne
938 2574 1030 2655 insra
1052 2574 1226 2637 adventum
1243 2577 1432 2658 contingunt

319 2661 408 2723 nr'lcil
425 2661 494 2743 fiat
515 2661 585 2722 nisi
604 2661 760 2722 anemoria
783 2670 911 2723 tacitum
934 2663 982 2723 ad
1002 2674 1148 2742 vesperas
1171 2673 1298 2725 teretrum
1328 2674 1359 2726 et
1387 2667 1435 2727 ad

319 2749 500 2810 matutinos
514 2758 545 2809 et
559 2748 607 2809 od
619 2748 752 2809 missam
769 2748 838 2808 rusi
849 2748 889 2809 de
903 2749 1024 2810 octavis
1041 2751 1075 2812 S.
1092 2749 1218 2812 andree.

231 2834 285 2897 De
307 2855 488 2915 quocunque
510 2843 617 2895 autem
643 2835 735 2913 infra
759 2834 934 2896 adventum
955 2836 1004 2917 fit
1032 2836 1203 2897 servitium
1227 2848 1350 2917 semper
1362 2838 1433 2919 fiat

317 2921 479 2983 sollemnis
494 2921 649 2983 ncernoria
666 2922 705 2983 de
718 2920 868 2984 adventu.

231 3007 284 3070 De
297 3009 592 3070 commemoratione
605 3018 712 3069 autem
720 3008 807 3087 festi
818 3008 880 3070 loci
888 3008 1060 3070 secundum
1071 3031 1165 3071 usum
1178 3010 1430 3090 Hersordensem

319 3095 412 3174 infra
425 3095 600 3156 adventurn
617 3095 782 3176 m'lcilfiat.

234 3180 426 3262 Sequuntur
444 3182 604 3243 treatutine
622 3183 662 3243 de
681 3182 771 3244 beata
795 3182 904 3243 rotaria
925 3183 995 3244 sine
1017 3193 1092 3245 nota
1103 3192 1127 3246 :⁸
1156 3194 1187 3245 ct
1207 3184 1370 3246 serendum
1386 3196 1433 3247 est

319 3268 406 3349 quod
416 3280 480 3349 per
500 3278 601 3330 totum
624 3289 748 3330 arricum
771 3280 894 3348 vespere
916 3279 946 3330 et
969 3271 1127 3331 rrcatntiue
1149 3271 1300 3332 debeata
1323 3273 1431 3334 cetaria

316 3355 430 3418 statim
446 3365 522 3437 post
542 3366 689 3436 uesperas
703 3365 734 3416 et
749 3356 930 3416 ncatrctinas
944 3356 982 3417 de
997 3357 1050 3418 die
1070 3357 1231 3430 dicamur,
1247 3359 1373 3437 quando
1396 3359 1431 3421 in

317 3444 409 3503 elcoro
422 3442 535 3504 debent
548 3442 620 3504 dcci.
669 3440 772 3518 Quere
793 3442 964 3504 servitium
986 3442 1073 3505 beate
1097 3444 1199 3505 errario
1218 3444 1253 3504 in
1273 3445 1339 3520 fine
1354 3455 1431 3507 tenc·

311 3526 489 3609 parom·

537 3886 597 3948 Ao
622 3899 769 3948 PRIMAM
793 3885 863 3949 *on
886 3885 1129 3949 A1svsssv.**

231 4060 273 4121 H
263 4083 393 4140 yrrcscus.
420 4064 491 4127 lam
508 4064 590 4127 lucis
605 4075 686 4129 ort0.

230 4150 313 4211 nnc.
339 4150 378 4212 ln
395 4151 450 4213 illa
466 4152 528 4214 die.

231 4236 287 4296 I’s.
313 4237 404 4299 Deus
421 4239 502 4300 deus
519 4259 619 4301 meus.
670 4239 727 4301 Ps.
753 4239 919 4301 Dominus
936 4241 1019 4322 regit
1037 4261 1089 4303 me
1105 4263 1176 4303 cum
1193 4241 1306 4305 Gloria
1322 4241 1416 4322 patri.

230 4322 287 4383 Ps.
312 4323 449 4387 Domini
466 4335 516 4387 est
532 4337 626 4389 terra.
669 4326 725 4388 Ps.
752 4327 807 4388 Ad
822 4338 854 4388 te
870 4328 1007 4389 domine
1021 4328 1124 4390 levavi
1134 4350 1205 4390 curn
1219 4328 1332 4392 Gloria
1341 4328 1434 4410 patri.

232 4409 289 4470 I’s.
316 4410 429 4473 ludica
446 4432 499 4473 me
516 4414 533 4474 i.
674 4414 730 4475 I’s.
758 4413 849 4475 Deus
866 4415 897 4475 in
916 4415 1049 4476 nominc
1064 4436 1135 4476 curu
1152 4416 1265 4479 Gloria
1281 4416 1374 4497 patri.

231 4496 287 4558 es,
312 4496 525 4561 confitemini
543 4499 582 4563 iv.
670 4500 727 4562 Ps.
754 4501 847 4563 Beati
865 4502 1070 4564 immaculati
1085 4523 1157 4563 cum
1174 4502 1288 4566 Gloria
1304 4502 1397 4584 patri.

234 4582 291 4643 Ps.
316 4584 476 4648 Retribue
491 4607 563 4648 cnm
580 4587 694 4652 Gloria
710 4588 803 4669 patri.

524 4829 535 4853 ¹
557 4819 592 4871 0²
603 4822 724 4872 matutine
735 4824 767 4871 de
780 4831 864 4871 sancta
877 4822 954 4870 maria
966 4838 1016 4871 non
1028 4821 1150 4873 dicantur.
