3600 5834
652 757 699 806 IN
717 758 788 806 DIE
812 758 899 807 CIRC
902 757 1127 808 UMCISIONIS.

283 910 325 989 Rl.
351 908 552 972 Benedictus
568 909 665 991 qui...
800 908 841 986 V.
867 910 1074 992 Lapidem...
1208 911 1377 994 Alleluya.

281 996 389 1058 Lectio
405 996 456 1058 ii.a
481 996 543 1059 Est
559 1006 670 1059 autem
688 997 935 1060 circuncisionis
951 998 1240 1080 typus...spiritus.

282 1084 325 1164 lp.
351 1084 439 1146 Ecce
455 1085 617 1165 agnus...¹
802 1083 842 1162 li.
870 1085 982 1147 Hodie
1006 1095 1103 1147 natus
1126 1097 1177 1148 est
1202 1086 1296 1148 nobis
1312 1086 1366 1149 ille
1382 1106 1489 1167 agnus

900 1172 1060 1234 innocens
1075 1191 1174 1253 quem
1197 1173 1357 1235 iohannes
1373 1172 1489 1235 videns

898 1259 1023 1340 gaudio
1053 1259 1197 1340 repletus
1228 1279 1352 1342 magno
1377 1260 1489 1322 excla-

902 1347 1008 1407 mauit
1024 1347 1137 1409 dicens
1153 1369 1160 1423 ;
1221 1347 1309 1409 Ecce
1326 1348 1460 1429 dequo.

285 1427 390 1491 Lectio
406 1429 454 1491 iii.
480 1430 562 1492 Erat
578 1431 679 1492 etiam
697 1432 1078 1513 prophetia...liberaret.

283 1516 325 1596 lp.
351 1516 534 1579 Descendit
550 1520 592 1580 de
604 1517 690 1580 celis.
728 1518 871 1599 Requiro
883 1520 918 1581 in
930 1520 983 1581 die
993 1520 1184 1582 natiuitatis
1194 1520 1328 1583 domini.
1344 1521 1390 1602 (p.
1407 1522 1490 1602 144)

706 1769 747 1832 ln
762 1771 897 1833 secundo
912 1782 1073 1835 nocturno.

283 1939 364 2002 Ant.
389 1939 568 2022 Speciosus
586 1943 732 2006 iorma...
998 1946 1053 2008 Ps.
1079 1945 1260 2008 Eructavit.

284 2028 364 2089 Ant.
392 2028 506 2091 Homo
523 2041 661 2091 natus...
997 2033 1054 2094 Ps.
1081 2033 1322 2094 Fundamenta.

285 2115 365 2176 Ant.
393 2115 666 2178 ljxultabunt...b
1003 2121 1060 2181 Ps.
1085 2121 1229 2184 Cantate
1245 2119 1263 2180 i.

374 2199 413 2277 V.
442 2203 517 2284 lpse
534 2205 700 2266 invocavit
715 2202 808 2289 [me].

284 2287 392 2350 Lectio
408 2290 465 2352 ἰαῦ
489 2291 534 2352 Et
549 2292 959 2375 precipue...complacuit.

480 2601 597 2652 dominus
615 2620 657 2652 cor
675 2614 744 2653 tuum
762 2614 787 2653 et
804 2621 846 2653 cor
863 2605 966 2654 seminis
982 2604 1026 2654 tui.
1063 2604 1096 2653 Et
1113 2603 1212 2662 iterum,
1224 2599 1400 2652 Circumcidite
1416 2597 1493 2649 eorda

481 2691 563 2729 uestra
574 2692 597 2729 et
611 2698 660 2730 non
672 2698 785 2746 corpora.

416 2756 498 2806 Lectio
517 2759 546 2806 ii.
569 2759 623 2808 llec
646 2770 683 2808 est
705 2760 772 2808 enim
795 2760 951 2809 circumcisio
973 2760 1056 2809 cordis
1078 2768 1105 2808 ut
1127 2758 1283 2823 deponamus
1304 2765 1413 2804 ueterem
1435 2769 1491 2802 cum

479 2836 623 2885 accionibus
634 2838 688 2886 eius
705 2838 842 2897 hominem,
856 2839 898 2903 qui
912 2838 1077 2903 corrumpitur
1096 2835 1232 2887 secundum
1250 2833 1375 2884 desideria
1392 2831 1491 2891 erroris,

480 2922 505 2961 et
515 2915 670 2978 deponentes
681 2932 781 2964 omnem
793 2916 854 2965 iram
864 2927 888 2965 et
901 2915 1083 2980 blasphemiam
1092 2924 1117 2963 et
1126 2912 1316 2962 iomicationem
1325 2921 1350 2959 et
1359 2908 1492 2958 immundi·

481 2990 546 3039 ciam
563 3001 588 3040 et
604 2992 739 3041 auariciam
757 3003 781 3041 et
799 2993 972 3056 cupiditatem,
985 3009 1034 3057 que
1046 3001 1082 3041 est
1093 2991 1225 3055 ydolorum
1242 2988 1356 3047 seruitus,
1369 2997 1393 3036 et
1410 2996 1493 3036 cetera

484 3067 533 3116 hiis
550 3068 649 3128 similia,
663 3070 793 3119 induamur
810 3088 903 3120 nouum
921 3070 1059 3128 hominem,
1073 3069 1098 3118 id
1115 3079 1152 3118 est
1166 3068 1285 3117 christum
1297 3066 1341 3131 qui
1358 3073 1492 3114 renouatur

480 3145 564 3194 dedic·
576 3146 601 3195 in
613 3147 690 3204 diem,
703 3147 728 3196 id
740 3159 776 3197 est
790 3149 908 3197 mandata
920 3149 973 3197 eius
984 3147 1163 3206 custodiamus,
1175 3155 1201 3195 et
1214 3145 1277 3194 sicut
1295 3145 1336 3192 ille
1352 3141 1491 3192 ambulauit

482 3224 517 3272 ita
528 3225 655 3273 ambulare
667 3226 787 3274 debemus
800 3244 806 3282 ;
823 3226 885 3275 sicut
897 3227 959 3275 dicit
970 3236 1070 3275 sanctus
1087 3226 1208 3274 iohannes
1218 3223 1356 3287 apostolus,
1369 3220 1421 3283 Qui
1432 3218 1494 3268 dicit

481 3318 508 3350 se
520 3301 604 3350 christi
616 3319 670 3351 esse
681 3303 756 3352 debet
767 3304 829 3352 sicut
841 3305 948 3353 christus
959 3303 1096 3352 ambulauit
1109 3303 1143 3350 ita
1154 3311 1179 3350 et
1190 3303 1244 3364 ipse
1255 3300 1390 3348 ambulate.

419 3379 500 3426 Lectio
511 3380 550 3428 iii.
573 3380 629 3429 llec
647 3391 703 3429 sunt
723 3381 841 3430 mandata
858 3381 955 3440 christi,
968 3391 992 3430 et
1010 3382 1056 3429 lrec
1071 3389 1108 3428 est
1124 3377 1279 3428 circumcisio
1295 3393 1345 3440 qua
1361 3373 1492 3424 mandauit

482 3472 527 3504 nos
546 3457 700 3517 circumcidi,
721 3475 770 3507 non
791 3475 864 3507 earne
884 3468 921 3507 set
940 3458 1023 3507 corde.
1069 3457 1120 3520 Qui
1140 3471 1190 3504 non
1210 3453 1342 3502 crediderit
1364 3467 1420 3501 eam
1440 3466 1491 3499 non

481 3534 584 3583 habebit
597 3535 683 3594 uitam,
696 3536 740 3584 sed
751 3534 788 3584 ira
799 3536 840 3584 dei
853 3545 935 3585 manet
947 3552 1021 3599 super
1037 3552 1103 3593 eum,
1116 3543 1180 3583 sicut
1196 3531 1249 3596 ipse
1260 3529 1377 3579 dominus
1388 3538 1493 3578 testatur

481 3611 576 3670 dicens,
590 3612 640 3674 Qui
658 3629 708 3661 non
727 3613 858 3662 crediderit
879 3613 958 3662 silium
976 3629 1027 3661 non
1047 3613 1121 3661 habet
1141 3619 1219 3659 uttam
1239 3618 1277 3658 set
1295 3607 1332 3656 ira
1349 3606 1391 3656 dei
1408 3613 1492 3654 manet

483 3705 632 3753 supereum

351 3812 362 3835 ¹
381 3805 413 3852 W
424 3805 506 3853 lertio
516 3807 545 3854 ir.
568 3807 627 3855 Erat
638 3817 722 3855 autem
734 3807 1084 3857 circumcisionis..liberaret.

417 3883 499 3931 Iaectro
510 3885 549 3932 iit.
572 3885 603 3933 Et
617 3886 869 3950 precipue...regnum
880 3887 930 3935 der.

351 3957 437 4008 esar.
454 3961 469 4008 i.
484 3961 540 4022 289.

352 4045 361 4069 ⁶
381 4038 416 4087 H.
453 4040 535 4087 lectio
546 4040 597 4102 iiij.
620 4041 676 4104 lpse
688 4051 725 4090 est
737 4042 781 4106 qui
795 4058 845 4091 non
863 4040 941 4090 credit
954 4041 1006 4090 filio
1016 4041 1058 4104 qui
1076 4039 1217 4090 contumaci
1234 4036 1309 4087 corde
1326 4043 1351 4084 et
1368 4032 1494 4083 contrario

482 4118 570 4180 spiritu
590 4120 769 4182 transgreditur
787 4120 907 4168 mandata
926 4120 986 4168 eius.
1022 4118 1072 4182 Qui
1091 4117 1169 4167 credit
1190 4117 1215 4166 in
1238 4116 1308 4164 illum
1327 4123 1352 4162 et
1376 4112 1494 4160 mandata

484 4196 538 4244 eius
549 4206 630 4244 seruat
643 4209 667 4245 et
679 4197 760 4261 diligit
778 4213 844 4255 eum,
858 4197 900 4246 ille
918 4196 1000 4260 diligit
1010 4213 1067 4245 eum
1085 4196 1147 4244 sicut
1162 4196 1215 4259 ipse
1232 4193 1349 4242 dominus
1359 4190 1428 4248 dicit,
1442 4188 1493 4252 Qui

483 4271 564 4337 diligit
577 4290 616 4322 me
629 4276 747 4323 mandata
760 4291 815 4323 mea
826 4274 945 4334 custodit,
958 4275 983 4323 in
994 4273 1164 4324 custodiendis
1176 4272 1226 4321 illis
1237 4269 1368 4319 retributio
1380 4268 1466 4316 multa.

420 4349 501 4398 Lectio
512 4367 535 4399 o.
558 4352 588 4399 Et
613 4353 701 4415 paulus
720 4353 849 4417 apostolus
867 4353 938 4413 dicit,
956 4353 1043 4401 Nolite
1059 4351 1124 4402 effici
1143 4350 1225 4400 inanis
1247 4348 1326 4413 glorie
1346 4345 1452 4410 cupidi:
1470 4352 1496 4393 et

483 4444 567 4477 cumm
595 4429 677 4480 carnis
704 4448 735 4480 ne
764 4432 870 4480 feceritis
897 4430 922 4478 in
951 4430 1162 4494 concupiscenciis
1191 4428 1286 4477 uestris.
1329 4425 1362 4474 Et
1393 4424 1493 4482 iterum,

485 4506 569 4555 Nichil
583 4507 710 4557 intulimus
722 4509 747 4557 in
759 4510 825 4558 hunc
843 4509 981 4557 mundum:
1000 4524 1085 4557 uerum
1098 4523 1144 4556 nec
1160 4505 1256 4555 auferre
1267 4503 1327 4568 quid
1345 4517 1493 4567 possumus:

483 4584 604 4633 habentes
616 4595 698 4634 autem
711 4587 803 4635 uictum
815 4597 840 4635 et
852 4587 979 4645 uestitum,
992 4585 1032 4634 his
1042 4585 1153 4634 contenti
1165 4585 1250 4633 simus.

418 4660 501 4709 Lectio
509 4663 542 4710 vi.
566 4663 622 4712 llec
638 4673 696 4713 sunt
713 4664 822 4714 misteria
838 4664 1033 4714 circumcisionis
1049 4662 1153 4712 christi:
1170 4662 1216 4711 hec
1233 4669 1290 4710 sunt
1308 4657 1426 4706 mandata
1443 4655 1496 4705 eius

349 4789 410 4837 llW
422 4789 484 4838 omit
495 4806 552 4839 ecce
564 4790 659 4850 (before
670 4792 713 4856 qui
725 4793 808 4849 tollit).
