3600 5834
468 754 660 805 DOMINICA
687 756 806 806 PRIMA
832 755 1044 806 ADVENTUS
1069 755 1217 806 DOMINI.
1409 766 1441 818 97

242 907 385 973 'Omnes
421 908 618 988 repetitiones
646 918 722 988 post
753 929 891 986 versum,
921 929 1019 990 usqne
1047 908 1097 970 ad
1111 908 1218 990 finem
1248 909 1442 993 responsorii

330 996 493 1057 dr'cnntnr.

246 1081 428 1145 Secundum
443 1101 571 1143 versum
586 1081 684 1144 istius
698 1083 892 1163 responsorii
904 1082 968 1146 dno
981 1082 1129 1144 canonici
1139 1082 1386 1163 propinquiores
1401 1082 1437 1145 in

331 1167 557 1249 dr'gnr‘totc.³”

247 1252 287 1330 V.
311 1254 377 1337 Qui
393 1256 486 1338 regis,
1049 1255 1181 1319 Nuntia

245 1341 264 1377 ¹
272 1342 417 1404 Tertium
431 1362 561 1405 versum
575 1351 703 1404 cantent
715 1342 779 1404 dno
793 1342 832 1405 dc
845 1343 1024 1406 senioribus
1042 1339 1269 1406 canonicisw

247 1426 286 1504 V.
311 1429 434 1491 Excita
449 1429 593 1491 domine.
616 1478 623 1491 .
646 1478 653 1491 .
676 1479 683 1492 .
1044 1429 1120 1512 Qui.

246 1514 391 1578 'Deinde
405 1536 511 1577 ornnes
523 1535 582 1577 sex
592 1515 695 1578 simul
705 1514 882 1580 content.**
929 1515 1042 1580 Gloria
1059 1517 1150 1599 patri.
1199 1516 1237 1578 In
1253 1514 1387 1597 populo,

246 1600 390 1664 'Iterum
401 1623 510 1664 omnes
524 1601 682 1682 incipiant
695 1601 880 1666 irrsc'rrrnl.”
936 1602 1122 1685 Aspiciens.
1169 1602 1238 1665 *Et
1251 1611 1399 1665 cantetur
1419 1624 1440 1664 n

332 1697 395 1750 toto
408 1688 500 1751 clcoro
515 1709 612 1770 usquc
626 1688 782 1768 adfinem
798 1688 1040 1770 responsorii.”

246 1773 352 1838 Lectio
374 1775 409 1837 ii.
455 1774 621 1859 Cognovit
643 1777 712 1853 bos,
734 1787 795 1840 etc.
818 1826 825 1839 .
849 1826 856 1840 .
880 1827 886 1840 .
912 1778 1098 1841 intellexitc
1145 1776 1218 1839 Hec
1241 1776 1323 1840 dicit
1345 1775 1441 1839 dom·

335 1882 415 1924 mus.

247 1948 289 2031 Rl.
312 1948 569 2030 Aspiciebam...
758 1947 799 2026 V.
824 1950 973 2014 Potestas
989 1951 1068 2013 eius.
1255 1950 1301 2013 Et
1317 1950 1443 2014 datum.

245 2034 352 2097 Lectio
367 2036 414 2097 iii.
460 2035 851 2118 Vegenti...retrorsum.
1255 2036 1330 2099 Hec
1353 2036 1443 2101 dicit.

247 2123 290 2203 Rl.
314 2123 437 2185 Missus
452 2133 543 2185 est...
766 2121 807 2200 V.
831 2123 936 2187 Dabit
951 2124 1022 2188 ei...
1257 2124 1352 2189 Ecca

830 2209 952 2275 Gloria.
1257 2210 1353 2274 Ecce.

668 2522 710 2584 In
724 2521 857 2583 secundo
874 2529 1035 2583 nocturno.

248 2684 328 2746 Ant,
352 2681 550 2745 Bethleem.d
926 2682 983 2744 ps,
1008 2681 1183 2745 Conserva

249 2770 328 2832 Ant.
353 2768 440 2833 Ecce
455 2771 557 2851 virg0.
928 2769 984 2831 Ps.
1009 2768 1144 2831 Exaudi
1160 2768 1308 2830 domine.
1353 2776 1358 2786 ’

249 2856 330 2919 Ant.
354 2855 496 2920 Orietur.
925 2855 982 2919 Ps.
1006 2854 1163 2936 Diligam.

249 2943 267 2976 ⁵
303 2993 309 3006 .
334 2941 364 3005 E
391 2944 541 3006 redietur.

249 2941 413 3112 *ilicangre
433 3049 541 3092 ornnes
566 3028 730 3110 predictos
752 3026 946 3109 antiphonas
967 3048 1038 3091 curn
1061 3028 1216 3091 versiculo
1237 3028 1273 3091 in
1281 3028 1447 3108 psalterio.

446 3115 485 3148 ss

252 3117 445 3266 menapii).
460 3203 568 3285 Super
583 3223 691 3285 qu0...
860 3202 993 3265 sanitas.

250 3291 293 3371 ΚΖ.
316 3289 392 3353 Ave
409 3290 552 3353 maria...
701 3287 744 3366 V.
767 3288 948 3371 Quomodo
965 3288 1060 3352 fiet...
1121 3288 1263 3371 Spiritus
1279 3298 1420 3352 sanctus.

251 3375 360 3438 Lectio
374 3398 403 3438 v.
449 3376 578 3438 Vulnus
595 3386 628 3439 et
645 3376 768 3438 livor...
860 3376 936 3459 igni.

250 3465 292 3546 IV.
317 3462 455 3545 Suscipe
470 3463 662 3526 verbum...
703 3460 744 3539 V.
770 3462 880 3524 Paries
897 3463 1073 3544 quidem...
1122 3464 1171 3528 Ut
1187 3463 1368 3525 benedicta.

252 3550 412 3613 Lectrovi.
459 3550 686 3631 Regionem...
853 3551 1087 3615 cucumerario.
1121 3552 1195 3614 Hec
1211 3551 1298 3613 dicit.

248 3638 291 3718 ΚΖ.
317 3636 566 3702 Salvatorem...
702 3633 742 3709 V.
767 3636 925 3700 Sobrie...
1123 3637 1191 3719 Qui
1207 3635 1406 3699 reformabit.

763 3723 899 3787 'Gloria
915 3724 1008 3804 patri.
1120 3724 1187 3807 Qui
1204 3721 1450 3786 reformabitf*

316 4132 327 4155 ¹
344 4123 379 4173 0²
391 4126 449 4173 Duo
461 4126 635 4175 archidiaconi.

317 4200 569 4252 ¹¹0²Thesaurarius
580 4213 604 4252 et
616 4203 784 4252 cancellarius.
942 4259 945 4265 Ι

315 4286 327 4311 ⁶
348 4280 374 4328 Η
386 4280 431 4328 has
442 4282 511 4329 lectio
529 4282 559 4329 ir.
574 4282 698 4343 Cognovit
716 4317 723 4331 .
743 4319 748 4329 .
770 4318 776 4329 .
797 4318 802 4329 .
824 4283 1053 4345 preunricnciouem.

523 4360 563 4406 iii.
579 4359 661 4408 Omne
673 4372 745 4422 caput
764 4395 770 4406 .
790 4396 795 4407 .
818 4397 822 4406 .
844 4360 902 4423 igni.

530 4438 563 4484 iv.
581 4438 717 4499 nogionem
729 4430 741 4486 ⁴.
763 4475 768 4485 .
790 4475 795 4485 .
816 4474 823 4485 .
842 4454 957 4486 essemus.

539 4531 562 4562 v.
578 4516 670 4564 Audite
688 4552 693 4562 .
715 4552 720 4562 .
742 4553 747 4562 .
769 4516 844 4565 nolu.

530 4594 565 4640 ai.
581 4593 646 4641 Cum
658 4593 774 4640 ueneritis
791 4629 797 4640 .
819 4630 823 4640 .
846 4631 851 4639 .
872 4604 940 4641 cetus
953 4595 1032 4642 vestri.

317 4666 330 4699 ‘¹
348 4668 375 4716 H
387 4668 431 4718 has
443 4669 513 4718 these
524 4670 658 4733 antiphons
670 4672 694 4718 in
708 4669 751 4717 full
765 4670 829 4718 herc.

317 4802 326 4833 ¹
346 4805 372 4853 11
385 4806 458 4855 omits
470 4809 512 4856 the
524 4807 616 4866 clause,
631 4806 764 4871 Comipies
778 4824 925 4870 pernitiem,
941 4809 1013 4855 donin
1028 4808 1106 4872 paries
1118 4816 1142 4858 ct
1154 4809 1288 4859 hominem.

385 4885 488 4935 BREV.
515 4887 624 4935 HERF.
1298 4892 1325 4939 11
