3600 5834
512 747 559 796 IN
570 746 623 795 NA
630 747 720 796 TALI
733 746 993 797 PLURIMORUM
1009 746 1287 798 CONFESSORUM.
1467 758 1498 812 75

387 919 547 980 pauperes
563 899 596 961 id
609 910 660 961 est
672 899 812 962 humiles
824 900 939 981 spiritu
951 899 1100 963 salvabit.
1145 899 1232 983 Quia
1247 900 1331 963 sicut
1346 900 1500 983 superbia

386 986 514 1048 initium
530 996 580 1049 est
603 988 711 1048 omnis
734 988 870 1069 peccati,
884 987 931 1049 ita
953 987 1121 1050 humilitas
1143 997 1194 1050 est
1216 997 1326 1051 custos
1349 988 1497 1050 omnium

386 1073 552 1135 virtutum.
1049 1127 1052 1133 .

296 1159 505 1241 RlCorpora
520 1169 749 1222 sanctorum...
848 1157 1125 1242 VSapienciam.
1217 1162 1254 1224 ln
1271 1161 1497 1245 generacione.

298 1245 407 1309 Lectio
423 1247 456 1308 ii.
482 1247 575 1309 Beati
599 1248 695 1309 mites
717 1247 794 1328 quia
817 1247 879 1328 ipsi
903 1247 1120 1329 possidebunt
1142 1258 1271 1323 terram,
1288 1268 1353 1311 non
1377 1257 1497 1311 terram

384 1334 462 1395 iuda
479 1353 543 1395 non
562 1344 681 1396 terram
698 1335 790 1396 istius
807 1335 932 1410 mundi,
944 1354 1009 1396 non
1023 1344 1142 1396 terram
1160 1335 1370 1398 maledictam
1386 1337 1498 1417 spinas

384 1430 417 1482 et
433 1420 570 1483 tribulos
586 1420 778 1484 afferentem
802 1421 859 1483 sed
884 1432 1004 1483 terram
1021 1441 1121 1502 quam
1138 1421 1309 1502 psalmista
1324 1423 1498 1498 desiderat,

385 1506 495 1570 Credo
511 1508 620 1569 videre
637 1509 725 1571 bona
740 1508 866 1570 domini
882 1509 915 1570 in
932 1518 1018 1572 terra
1034 1508 1221 1570 viventium.

296 1595 331 1676 lu
359 1594 523 1656 Iustorum
534 1595 643 1657 anime
655 1596 688 1657 in
700 1615 800 1657 manu
810 1595 864 1657 dei
876 1606 953 1657 sunt
963 1605 997 1658 et
1009 1615 1074 1655 non
1086 1604 1201 1678 tanget
1212 1596 1284 1658 illos
1296 1605 1497 1659 tormentum

384 1682 516 1743 mortis:
538 1681 598 1743 visi
620 1692 699 1745 sunt
720 1682 823 1745 oculis
846 1682 1075 1764 insipiencium
1100 1683 1203 1745 mori:
1226 1683 1271 1745 illi
1289 1693 1400 1745 autem
1422 1693 1499 1746 sunt

386 1789 419 1829 rn
437 1788 528 1850 pace.

298 1852 331 1930 l?
355 1856 448 1918 Deus
465 1855 605 1917 tentavit
620 1855 693 1918 illos
709 1865 743 1919 et
758 1856 884 1918 invenit
899 1876 957 1917 eos
973 1855 1092 1939 dignos
1108 1877 1152 1919 se.
1196 1856 1266 1919 Visi
1283 1866 1368 1920 sunt.

297 1941 407 2004 Lectio
422 1943 469 2003 iii.
495 1943 588 2004 Beati
605 1943 661 2023 qui
677 1942 799 2025 lugent
813 1943 970 2024 quoniam
988 1943 1048 2024 ipsi
1059 1944 1325 2006 consolabuntur.
1373 1944 1497 2006 Luctus

384 2029 436 2090 hic
464 2040 667 2091 mortuomm
692 2050 757 2092 non
786 2031 919 2111 ponitur
934 2032 1117 2093 communis
1139 2031 1203 2114 legi
1222 2041 1337 2092 nature
1358 2031 1416 2092 sed
1439 2051 1498 2112 pro

383 2117 527 2197 peccatis
543 2125 577 2178 et
589 2117 682 2179 vitiis.
722 2118 815 2179 Beati
826 2117 882 2198 qui
899 2116 1014 2199 lugent
1026 2128 1161 2199 peccata
1177 2118 1334 2199 quoniam
1347 2117 1408 2199 ipsi
1421 2138 1498 2179 con-

385 2203 580 2265 solabuntur
594 2204 718 2285 spiritu.
766 2204 863 2266 Multi
883 2204 971 2265 enim
988 2204 1112 2267 deflent
1128 2205 1252 2266 damna
1268 2224 1384 2280 rerum,
1401 2204 1497 2266 sunus

385 2300 559 2371 parentum
576 2301 609 2352 et
625 2301 734 2352 cetera
749 2291 799 2353 his
814 2290 934 2352 similia
949 2290 1007 2352 sed
1026 2311 1090 2353 non
1104 2301 1239 2373 propter
1253 2311 1293 2353 ea
1307 2301 1385 2353 sunt
1400 2291 1497 2353 beati.

299 2377 334 2458 R?
356 2376 441 2457 Justi
459 2377 491 2438 in
509 2386 745 2459 perpetuum...
898 2375 931 2453 V
958 2377 1039 2439 ldeo
1055 2379 1224 2460 accipient.
1271 2377 1316 2440 Et
1331 2378 1496 2461 cogitatio,

387 2461 556 2538 VGloria
572 2463 683 2526 laus...
818 2463 949 2545 Apud.a

300 2551 333 2631 ΚΞ
356 2548 432 2614 Sint
448 2550 551 2613 lumbi
567 2552 706 2615 vestri...
869 2548 902 2628 ll
925 2549 1071 2635 Vigilate
1087 2553 1257 2636 ergo...Et
1273 2572 1340 2613 vos.
1386 2550 1498 2616 Gloria

1240 2638 1415 2721 patri...Et
1431 2659 1498 2701 vos

302 2720 371 2807 [Ps.
396 2723 446 2786 Te
462 2720 587 2808 deum]

301 2808 332 2885 ll
356 2810 521 2874 Exultent
537 2812 620 2874 iusti.

765 3014 809 3077 lu
835 3026 1032 3079 mutunus,

301 3149 378 3211 Ant.
402 3149 571 3230 Justorum
589 3148 730 3236 [autem]
747 3153 899 3214 anime...
1032 3152 1089 3216 Ps.
1115 3152 1279 3215 Dominus
1296 3152 1452 3235 regnavit.

305 3235 376 3316 Cap.
403 3238 449 3298 Hi
470 3247 547 3301 sunt
563 3239 631 3301 viri.

301 3322 462 3403 Hymnus.
487 3325 563 3386 Rex
580 3325 721 3407 gloriose
744 3335 934 3407 martyrum.
1037 3322 1071 3401 ll!
1094 3325 1255 3388 Mirabilis
1276 3327 1366 3388 deus.

301 3411 379 3472 Ant.
404 3410 479 3473 Sint
498 3411 643 3475 lumbi...
927 3412 983 3475 Ps.
1008 3412 1215 3475 Benedictus.

303 3496 417 3560 Orotan
432 3508 470 3559 ut
483 3510 590 3581 supra.
926 3498 1033 3581 [Deus
1049 3500 1104 3581 qui
1122 3520 1181 3562 nos
1197 3500 1409 3583 sanctorum]

777 3709 838 3772 An
865 3723 1022 3774 numan.

301 3845 378 3907 Ant.
403 3845 551 3926 Corpora
569 3856 800 3910 sanctorum...

302 3929 394 4015 [Ant.
421 3932 533 3996 Gloria
549 3933 608 3995 tibi
624 3935 760 3997 trinitas.
937 3933 996 3996 Ps.
1020 3934 1217 4017 Quicunque
1233 3933 1326 4017 vult]

764 4146 824 4208 An
847 4159 1026 4208 Tenemur.

300 4282 378 4345 Ant.
403 4282 497 4345 Beati
514 4282 640 4345 mundo
655 4283 815 4345 corde...b

303 4368 374 4449 Cap.
402 4370 447 4432 Hi
464 4380 540 4431 sunt
556 4370 614 4431 viri
632 4370 859 4431 misericordie.

299 4456 361 4517 Ad
378 4455 439 4518 ltas
460 4457 558 4518 doras
578 4456 734 4519 dt'cuutur
752 4450 950 4538 responsoria
973 4466 1005 4520 ct
1024 4476 1137 4519 versus
1157 4456 1196 4519 de
1217 4455 1379 4519 communi
1391 4455 1500 4538 pluri-

387 4564 514 4605 morum
530 4553 722 4623 rnartyrum.

329 4739 341 4763 ⁸
359 4732 385 4780 H
397 4732 466 4796 gives
478 4733 510 4781 Et
523 4732 643 4797 cogitatio
654 4732 691 4783 soc
703 4732 746 4783 the
757 4732 852 4783 second
865 4738 957 4797 repeat.

331 4807 344 4841 ¹¹
360 4812 417 4858 Sar.
433 4811 458 4860 ii.
473 4810 529 4873 368.
