3600 5834
347 1225 435 1358 ttt

241 1480 259 1529 d
301 1480 362 1529 It'l'.
398 1480 556 1527 Nouembris.
595 1476 710 1529 Fatum
738 1474 858 1527 omnium
885 1472 1225 1541 mctomm.principtie
1252 1472 1353 1525 fatum
1375 1490 1430 1524 cum
1453 1490 1494 1523 cx·

451 1622 455 1631 ,
532 1559 657 1625 positione
672 1560 841 1610 oitrnsirsur.

183 1726 208 1771 r'r‘
245 1724 258 1772 s
316 1723 342 1773 iii
414 1725 447 1772 N.
495 1725 587 1774 Sancte
600 1722 748 1773 vvenetrede
760 1722 861 1787 virginis
873 1733 898 1771 et
911 1722 1024 1771 martiris.

243 1807 341 1870 gii

415 1807 448 1855 N.

187 1907 207 1935 x
237 1891 261 1936 Α
342 1890 430 1937 Nonas

245 1971 262 2018 b
312 1970 355 2019 iiii

151 2135 208 2182 viii
244 2150 258 2182 c
316 2134 349 2181 rii

167 2216 209 2263 rr'i
241 2214 259 2263 d
323 2214 347 2262 vi

244 2313 258 2345 e
325 2314 340 2345 v

169 2395 209 2426 ,η’
248 2377 260 2427 f
318 2378 352 2426 iiii

162 2462 210 2508 r'r'r'r'
244 2476 260 2523 g
324 2459 349 2507 iii

242 2626 266 2670 A
326 2622 342 2670 ii

411 1970 449 2019 Id.

410 2132 448 2182 Id.

410 2214 447 2263 ld.

412 2296 449 2345 ld.

411 2378 449 2427 id.

413 2459 449 2508 Id.

412 2623 449 2671 ld.

163 2706 207 2752 sr‘r'
242 2705 260 2752 b
351 2705 413 2752 ldus

194 2789 207 2835 i
245 2804 259 2836 c
301 2787 361 2835 xviii
417 2787 451 2836 kl.

244 2870 262 2919 d
311 2870 360 2919 xvii
416 2869 451 2918 kt.

178 2954 209 3000 r'x
244 2968 260 3002 e
312 2952 352 3000 xvi

249 3116 261 3164 s
319 3133 350 3165 xv

151 3201 209 3247 ravr'r'
242 3216 259 3262 g
307 3197 358 3247 xiiii

180 3281 212 3329 vi
243 3283 268 3329 Α
313 3280 356 3329 xiii

246 3361 264 3410 b
320 3361 354 3409 xii

151 3526 211 3573 rr'r'r'i
248 3541 262 3573 c
321 3524 345 3572 xi

174 3608 210 3655 r'r'e'
244 3606 262 3654 d
327 3621 343 3653 x

247 3785 260 3817 e
320 3769 344 3817 ix

179 3933 213 3981 .ῐὶ
250 3933 261 3981 i
314 3931 357 3980 viii

246 4031 263 4078 g
320 4012 353 4062 vii

163 4178 212 4225 ,τὰ
245 4179 269 4225 Α
320 4176 345 4225 vi

159 4261 212 4309 virt·
245 4261 263 4308 b
328 4277 344 4306 s·

249 4358 264 4392 c
322 4341 358 4390 iiii

164 4424 212 4471 m·
244 4423 261 4472 d
327 4423 353 4472 iii

195 4522 213 4553 t·
246 4525 261 4554 e
327 4505 343 4553 ii

413 2951 448 3000 tt.

415 3116 450 3165 kt.

414 3199 449 3246 kt.

417 3280 451 3328 kt.

415 3361 450 3410 ki.

416 3523 452 3572 tl.

417 3606 452 3654 kt

415 3768 450 3816 kl.

419 3931 454 3979 kl.

418 4013 453 4062 ki.

416 4176 452 4225 kt.

417 4260 452 4308 kt

417 4341 453 4390 kt

419 4423 454 4471 kt.

418 4504 453 4554 kt.

699 834 917 884 KALENDAR.

658 1046 977 1148 [moriennam]

477 1229 618 1305 Scorpius
632 1239 677 1288 est
692 1227 835 1303 quintus:
857 1236 886 1285 et
902 1226 1003 1285 tertius
1017 1235 1062 1283 est
1076 1242 1152 1283 nece
1165 1223 1289 1282 cinctus.

477 1323 643 1381 Nouerrrber
654 1321 738 1378 habet
752 1320 813 1378 dics
827 1366 833 1376 .
849 1339 937 1376 xxx.
955 1320 1042 1377 Lemo
1057 1363 1064 1375 .
1080 1337 1154 1375 xxx.

1398 1638 1422 1687 ix
1435 1640 1491 1689 lect.

1400 1722 1423 1770 ix
1436 1722 1491 1771 lect.

497 1971 583 2020 Sancti
596 1968 708 2019 leonardi
721 1968 837 2018 abbatis.
853 1968 942 2018 festum
955 1968 1060 2032 simplex
1075 1967 1098 2015 ix
1112 1969 1168 2016 lect.
1183 1983 1239 2017 cum
1252 1967 1408 2032 expositione
1420 1965 1495 2031 Uento

529 2052 634 2101 uitabit.

1397 2214 1423 2263 iii
1436 2215 1492 2264 lect.

1398 2295 1424 2345 iii
1436 2297 1492 2345 lect.

496 2215 644 2265 Sanctorum
655 2226 761 2279 quatuor
772 2225 953 2263 coronatorum.

496 2296 582 2345 Sancti
594 2295 707 2345 theodori
719 2295 841 2359 martyris.

498 2459 601 2508 Martini
621 2459 750 2523 episcopi.
766 2458 853 2507 festum
874 2458 1029 2522 setnidupiex
1049 2458 1072 2506 ix
1093 2459 1149 2506 lect.
1170 2474 1225 2506 com
1245 2458 1399 2523 expositione
1417 2458 1497 2524 {toute

529 2540 613 2590 timere.
648 2539 736 2590 Sancti
748 2539 831 2604 magni
843 2539 1055 2588 commemoratio.

499 2702 583 2752 Brictii
594 2702 720 2767 epyscopi.
1398 2703 1424 2751 iii
1437 2706 1492 2753 lect.

500 2788 648 2835 Decerrrbrr's.

499 2869 586 2920 Sancti
599 2870 707 2919 nracnthi
719 2868 838 2934 episcopi.
1398 2870 1423 2920 iii
1436 2872 1493 2923 lect.

497 2949 624 3000 Edmundi
653 2950 854 3016 archiepiscopi.
870 2950 960 3001 festum
983 2950 1138 3014 semiduplex
1160 2966 1215 3000 cum
1239 2950 1395 3016 expositione
1421 2953 1497 3003 Uioete

531 3034 632 3099 bigitan.

497 3115 583 3167 Sancti
595 3116 679 3165 aniani
691 3115 810 3181 episcopi.

497 3197 595 3247 Octava
607 3196 686 3247 sancti
698 3196 805 3246 martini.

759 3280 819 3328 Nox
830 3279 900 3327 habet
911 3280 1003 3327 horas.
1018 3280 1066 3327 xvi
1077 3316 1082 3327 .
1097 3280 1148 3327 dies
1161 3316 1166 3327 .
1181 3280 1239 3327 vr'r'r'.

499 3360 641 3410 Eadmnndi
653 3359 717 3424 regis
729 3369 752 3409 et
764 3359 871 3410 martiris
884 3396 890 3408 .
906 3360 993 3410 festum
1006 3359 1111 3424 simplex
1123 3360 1146 3408 ix
1158 3361 1214 3409 lect.
1229 3376 1284 3409 cum
1297 3361 1451 3426 expositione
1463 3361 1497 3413 §t

520 3439 585 3507 'qnia
598 3441 666 3491 benit.

1399 3116 1424 3165 iii
1437 3118 1493 3166 tect.

1397 3198 1424 3247 iii
1436 3199 1493 3248 tect.

499 3604 592 3653 Cecilie
605 3604 707 3668 virginis
719 3613 743 3652 et
756 3604 862 3653 martiris
875 3640 880 3651 .
896 3603 984 3653 festum
997 3604 1103 3669 simplex
1120 3621 1175 3653 cunr
1188 3604 1343 3669 expositione
1362 3604 1446 3658 §imile
1465 3613 1496 3657 est

531 3701 624 3751 requam
637 3685 732 3735 telorum
744 3686 861 3749 thesauro.

497 3766 635 3816 Clementis
652 3783 718 3833 pape
738 3777 762 3816 et
782 3767 907 3817 martiro.
923 3767 1012 3816 festum
1033 3767 1139 3833 simplex
1158 3768 1182 3817 ix
1200 3769 1256 3817 lect.
1269 3785 1323 3818 cum
1343 3770 1496 3835 expositione

533 3846 608 3909 §aare
621 3850 723 3914 quibam.
761 3847 881 3899 Felicita†
892 3849 1107 3898 commemoratio.

501 3928 634 3993 crisogoni
646 3930 754 3980 martiris
767 3967 773 3979 .
788 3930 814 3979 iii
826 3932 882 3979 lect.
953 3932 1048 3993 Hyems
1059 3933 1150 3979 orr'tur.

501 4011 638 4062 Katherine
661 4010 764 4076 virginis
785 4023 809 4061 et
833 4013 958 4062 martiris.
974 4012 1063 4061 festum
1086 4013 1241 4077 semiduplex
1264 4031 1320 4064 cum
1343 4017 1497 4081 expositione

534 4090 620 4145 §inite
633 4098 665 4142 est
677 4110 769 4156 reanum
781 4094 877 4143 edorum
893 4095 1008 4159 thesauro.

500 4176 586 4225 Sancti
599 4176 642 4225 tini
656 4192 721 4241 pape
733 4188 758 4224 et
770 4175 885 4225 martiris.
1398 4179 1424 4229 iii
1437 4181 1493 4230 lect.

502 4421 629 4473 Saturnini
641 4401 755 4472 martiris.
793 4421 887 4472 tricet.
924 4420 1025 4485 vigilia.

499 4501 610 4554 andree
627 4501 766 4569 apostoli.
781 4501 881 4553 testum
898 4499 1068 4567 semiduplex
1091 4516 1152 4552 com
1171 4501 1346 4567 expositione
1364 4505 1498 4569 &nontam

531 4601 602 4637 ltm-

206 4704 356 4767 Quicunque
378 4701 513 4751 aduentum
535 4699 632 4751 domini
654 4699 773 4750 veraciter
800 4702 852 4749 vult
875 4700 1000 4750 celebrare
1023 4700 1105 4749 videat
1128 4711 1154 4749 vt
1184 4715 1230 4749 nec
1252 4710 1310 4750 ante
1337 4701 1425 4766 quinto
1452 4705 1496 4755 kl’.

151 4783 281 4833 lecernbris
303 4782 427 4848 incipiat:
455 4798 502 4832 nec
525 4791 580 4848 post
604 4780 682 4831 tercio
705 4797 784 4830 nonas
802 4780 959 4830 decembris.
974 4779 1017 4829 sed
1044 4780 1069 4829 in
1095 4780 1134 4828 his
1156 4790 1251 4846 septem
1278 4781 1366 4833 diebus
1386 4784 1428 4833 ubi
1445 4785 1499 4836 dies

150 4865 285 4915 iorninicus
295 4864 446 4915 occurrerit:
465 4863 500 4912 ibi
511 4865 606 4927 absque
618 4878 700 4912 errore
711 4862 807 4912 domini
818 4864 953 4912 aduentum
966 4861 1090 4911 celebrare
1103 4862 1202 4912 valebit.
