3600 5834
505 798 555 851 ΙΝ
564 798 711 852 marm
725 798 988 854 PLURIMARUM
1005 797 1202 853 VIRGINUM
1423 801 1454 866 85

700 1017 761 1082 An
784 1029 1016 1090 ΜΑτυτιΝΑε,

255 1153 500 1230 Invitatorium,
529 1154 676 1236 hymnus,
707 1175 819 1219 nomm
848 1153 1020 1237 antiphone
1048 1174 1120 1217 cum
1149 1154 1220 1217 suis
1246 1153 1390 1235 psalmis
1418 1156 1454 1219 in

344 1242 509 1306 nocturnis
538 1251 703 1323 utsupra
732 1242 768 1305 in
798 1242 908 1305 natali
927 1241 1026 1304 unius
1047 1241 1192 1323 virginis
1213 1262 1275 1305 non
1297 1244 1456 1324 martyris

344 1349 456 1393 novem
470 1329 639 1392 lectionum
654 1348 725 1392 cum
741 1349 836 1393 versu
853 1326 985 1392 Diffusa
1000 1337 1051 1392 est
1066 1328 1180 1412 gratia„

263 1415 344 1481 Tres
363 1415 510 1479 lectiones
529 1415 684 1498 legantur
696 1414 736 1478 de
755 1415 953 1498 supradictis
967 1415 1128 1497 *quarum
1142 1414 1259 1497 prima
1275 1414 1324 1478 sic
1344 1416 1457 1499 incipit

344 1500 470 1568 sancta
484 1501 623 1565 ecclesia
643 1502 759 1565 decem
781 1502 1006 1585 virginibus”
1026 1502 1109 1565 Tria
1124 1502 1321 1584 responsoria
1334 1504 1456 1584 dopm-

343 1589 431 1652 dicta
453 1587 593 1653 historia
606 1598 671 1670 por
689 1589 922 1652 hebdomadam
943 1590 1117 1652 secundum
1132 1589 1279 1652 ordinem
1294 1589 1453 1654 dicantur.

345 1675 416 1757 [Ps.
440 1674 490 1739 Te
507 1675 606 1740 deum
623 1676 692 1739 nisi
704 1676 822 1759 vigilia
836 1675 999 1759 evenerit]
1155 1673 1189 1754 ἶ]
1212 1674 1330 1759 Specie
1346 1687 1411 1740 tua„

728 1937 772 2001 ΙΝ
796 1949 992 2002 ιΑυυιΒυε.

263 2075 339 2142 Una
352 2076 421 2140 sola
435 2075 612 2158 antiphona
625 2074 749 2139 dicitur
763 2072 854 2160 [Hec
870 2082 921 2136 est
936 2069 1044 2157 virgo]
1060 2083 1092 2137 et
1104 2083 1206 2138 cetera
1220 2075 1269 2136 ad
1276 2074 1457 2139 matutinas

347 2173 385 2226 ut
405 2173 505 2243 supra
520 2163 569 2225 ad
582 2163 765 2226 matutinas
787 2162 822 2224 in
839 2161 948 2223 natali
967 2160 1068 2222 unius
1090 2160 1235 2243 virgineo
1256 2171 1287 2225 ot
1301 2163 1460 2241 martyris

346 2270 458 2314 novom
473 2249 648 2313 lectionum.

739 2433 799 2497 An
825 2446 983 2497 PR1MAM.

259 2575 339 2638 Ant.
364 2574 439 2636 Hec
454 2580 505 2637 est
520 2571 621 2653 virgo.
638 2569 667 2632 ii.
715 2564 811 2653 [Ant.
834 2567 948 2632 Gloria
960 2568 1028 2633 tibi.
1077 2569 1131 2634 Ps.
1155 2568 1353 2652 Quicunque
1364 2568 1464 2656 vult.]'

730 2801 791 2863 An
814 2812 992 2863 mmm.

259 2918 339 2982 Ant.
362 2916 451 2982 Veni
466 2934 598 2998 sponsa„
698 2911 788 2995 [Cap.
807 2910 873 2993 Qui
889 2911 1057 2994 gloriatur.
1190 2916 1224 2986 R
1240 2911 1458 2997 Diffusaest.]

739 3107 799 3171 An
823 3120 983 3171 sumu.

259 3226 340 3292 Ant.
363 3224 478 3289 Media
508 3229 613 3285 nocte.
726 3219 796 3303 [Ps.
821 3218 961 3283 Defecit.
1090 3217 1165 3300 Cap.
1194 3220 1333 3283 Emulor
1362 3220 1460 3284 enim.

1189 3306 1363 3389 &Specie
1378 3307 1458 3389 tua]

750 3485 810 3548 AD
833 3498 982 3548 NONAM.

258 3599 341 3664 Ant.
368 3599 464 3663 Tunc
479 3606 700 3662 surrexerunt.
854 3596 924 3679 [Ps.
949 3595 1122 3659 Mirabilia.

263 3686 367 3772 [Cap]
391 3685 569 3769 Sapiencia
582 3685 685 3749 vincit
701 3683 874 3747 maliciam.
1007 3687 1040 3755 R
1056 3680 1263 3764 Adiuuabit.]

265 3861 416 3944 Capitulo
430 3870 462 3924 ot
475 3868 577 3924 catara
598 3858 647 3922 ad
664 3858 761 3922 horas
776 3867 814 3920 ut
826 3869 926 3940 snpm
942 3857 977 3919 in
994 3857 1102 3919 natali
1118 3856 1218 3919 notius
1240 3854 1382 3937 virginis
1398 3875 1459 3918 non

349 3947 506 4030 martyris
520 3967 632 4011 novom
642 3946 819 4010 lectionum.

380 4337 452 4402 *IN
486 4336 673 4401 NATALI
707 4334 1038 4401 PLURIMARUM
1070 4332 1330 4399 VIRGINUM.

722 4524 783 4589 An
805 4536 998 4589 vsssPERAS.

264 4659 449 4741 Antiplune
463 4668 496 4723 et
499 4659 627 4740 psalmi
630 4659 777 4739 feriales.

268 4744 452 4829 Capitulum
466 4745 606 4827 hymnus
620 4766 732 4809 versus
745 4756 777 4809 et
791 4744 967 4828 nottiphona
976 4753 1072 4826 snper
1080 4741 1255 4806 Psalmum
1265 4732 1459 4820 Magnificat

352 4832 439 4897 utin
455 4833 564 4897 natali
576 4834 722 4897 undecim
735 4833 842 4897 nu'llia
857 4832 1034 4914 virginum.
