3600 5834
528 730 574 779 IN
594 730 646 779 NA
654 730 743 778 ml
761 730 877 780 UNIUS
893 731 920 779 E
925 731 1172 781 UANGELISTE.

345 882 506 945 Lectiones
515 883 645 964 proprie
659 884 825 964 legantur<¹

253 971 286 1040 R
312 970 349 1031 ln
365 970 491 1031 visione
506 971 601 1033 dei...
864 973 902 1030 tl
920 971 972 1032 De
989 972 1140 1033 medio...
1276 972 1321 1034 Et
1336 993 1389 1035 ex.

253 1059 286 1127 R
309 1054 477 1136 Quattuor
493 1056 633 1119 sactes...
865 1060 903 1117 V
921 1058 991 1121 Sub
1007 1060 1165 1140 pennis..
1276 1059 1320 1121 Et

253 1146 285 1213 R
308 1143 501 1206 Similitudo
516 1140 682 1206 νυΙῐιιε...ι
862 1146 899 1203 V
918 1144 992 1207 Due
1009 1165 1158 1227 penne...
1276 1147 1321 1209 Et
1338 1145 1437 1209 iacies

665 1424 708 1487 In
722 1426 857 1488 secrmdo
873 1436 1032 1489 nocturno.

252 1564 332 1625 Ant.
357 1562 622 1645 Sapientiam...²
915 1564 971 1626 Ps.
996 1563 1124 1626 Omnes
1140 1572 1265 1644 gentes,

250 1651 333 1711 Ant.
357 1649 463 1713 Labia
478 1671 635 1712 eorum...
916 1650 973 1712 Ps.
998 1651 1131 1712 Exaudi
1150 1655 1158 1712 i

251 1736 332 1797 rint.
357 1737 467 1817 Elegit
484 1758 581 1799 eos..
917 1738 973 1799 Ps.
998 1738 1132 1800 Exaudi
1149 1738 1170 1798 ii

339 1825 378 1883 V
394 1823 586 1887 Constitues
600 1841 657 1886 eos

251 1913 284 1981 R
308 1910 423 1972 Facies
439 1922 472 1973 et
490 1931 656 1993 pennas...
873 1912 911 1969 tl
930 1910 1032 1973 Pedes
1048 1930 1203 1972 eorum...
1254 1912 1449 1974 Incedentes

250 2000 283 2068 R
306 1997 539 2060 Similitudo..
869 1999 907 2056 V
925 1997 970 2060 Et
986 1994 1146 2060 unum...³
1251 1998 1325 2061 Ubi.

251 2088 283 2155 R
308 2082 473 2165 Quattuor
489 2084 686 2147 animalia...
873 2086 911 2143 V
929 2085 1010 2146 Erat
1027 2094 1181 2146 autern...
1252 2085 1296 2146 Et
1311 2087 1362 2147 de.

684 2355 724 2417 In
741 2354 834 2416 tertre
851 2364 1010 2416 nocturno.

249 2497 330 2558 Ant.
356 2495 463 2557 Electi
479 2505 598 2556 sunt...
951 2492 1008 2553 Ps.
1033 2489 1281 2555 Confitebimur.

247 2584 329 2645 Ant.
355 2581 561 2663 Sapientiam
578 2576 750 2650 commi...
951 2578 1006 2641 Ps.
1032 2579 1197 2640 Dominus
1215 2580 1363 2660 regnavit

248 2670 329 2731 Ant.
355 2668 479 2751 Spiritu
498 2667 773 2747 intelligencie...⁴
949 2664 1005 2727 Ps.
1031 2665 1196 2727 Dominus
1214 2668 1373 2747 regnavit.

337 2758 375 2815 ff
393 2756 502 2817 Nimis
518 2754 669 2815 honorati
687 2764 763 2815 sunt
780 2751 886 2814 amici.

315 2972 548 3022 ⁸1thrsLecn'oi.
591 2973 715 3036 Propheta
743 2971 850 3020 ezechiel
879 2972 925 3019 sub
954 2971 1030 3034 figura
1058 2979 1143 3021 sancte
1172 2973 1315 3023 universalis
1345 2976 1449 3025 ecclesie

617 3049 822 3113 euangelistarum
835 3049 936 3112 gloriam
950 3066 993 3112 per
1008 3061 1111 3113 quatuor
1122 3051 1265 3099 animalium
1278 3053 1451 3102 sirnilitudints

615 3129 666 3177 ait:
684 3128 742 3175 Vitli
762 3138 786 3174 et
808 3143 866 3175 ecce
878 3138 967 3175 ventus
986 3127 1089 3176 turbinis
1101 3128 1216 3177 veniebat
1238 3131 1270 3177 ab
1289 3131 1404 3193 aquilone
1425 3142 1449 3179 et

617 3206 696 3254 nubes
707 3220 797 3268 magna
809 3215 833 3253 et
847 3205 910 3267 ignis
923 3206 1052 3253 involvens
1064 3215 1089 3253 et
1100 3205 1217 3268 splendor
1229 3207 1252 3254 in
1266 3208 1366 3255 circuitu
1379 3208 1431 3256 eins
1443 3227 1449 3257 ε

615 3293 640 3332 et
652 3284 684 3331 de
696 3283 779 3331 medio
793 3282 845 3330 eius
856 3283 925 3345 quasi
939 3284 1034 3345 spteies
1047 3282 1132 3331 electri
1147 3283 1172 3331 iil
1185 3293 1221 3331 est
1233 3285 1265 3331 ‹le
1277 3285 1360 3332 medio
1374 3286 1445 3346 ignis.

618 3361 649 3409 Et
669 3377 700 3408 ex
721 3360 804 3408 medio
822 3375 906 3408 eorum
927 3360 1062 3408 similitudo
1080 3371 1183 3423 quatuor
1207 3361 1349 3409 animalium
1368 3374 1390 3410 ct
1411 3362 1449 3410 hic

617 3449 731 3501 aspectus
742 3453 833 3485 eorum.

444 3518 524 3567 Lectio
535 3518 564 3565 ii.
596 3516 739 3566 Similitudo
759 3515 865 3563 bominis
886 3516 911 3563 in
932 3516 967 3564 eis
987 3526 1013 3564 et
1032 3526 1135 3578 quatuor
1155 3515 1230 3564 sacits
1250 3516 1328 3565 uniet
1346 3529 1450 3579 quatuor

618 3608 700 3657 penne
712 3594 755 3641 uni
768 3605 791 3641 et
806 3594 881 3655 pedes
893 3610 977 3641 eorum
991 3595 1067 3658 pedes
1078 3593 1137 3641 recti
1150 3603 1174 3641 et
1187 3594 1271 3656 planta
1284 3595 1353 3656 pedis
1365 3611 1449 3642 eorum

616 3681 642 3721 ut
660 3672 745 3735 planta
762 3672 832 3735 pedis
844 3672 938 3719 uitule:
957 3683 981 3719 et
994 3671 1099 3719 scintille
1116 3673 1185 3734 qnasi
1204 3685 1315 3734 aspectus
1333 3673 1379 3720 eris
1391 3689 1448 3720 can·

615 3751 699 3799 dentis
711 3760 734 3798 et
748 3765 835 3799 manus
848 3750 954 3798 hominis
965 3752 1011 3797 snb
1023 3751 1113 3812 pennis
1125 3766 1208 3798 eorum
1222 3752 1246 3797 in
1260 3763 1363 3814 quatuor
1375 3752 1448 3814 parti·

615 3828 668 3876 bus.
714 3828 745 3877 Et
765 3827 840 3876 iacies
860 3836 885 3876 et
907 3843 1002 3891 pennas
1023 3843 1065 3890 per
1082 3839 1185 3890 quatum
1206 3839 1286 3889 pines
1306 3827 1448 3878 habebant:

603 3898 747 3971 ¹junctoque
767 3916 837 3954 erant
858 3921 941 3969 penne
962 3921 1045 3954 eornm
1066 3905 1166 3953 alterius
1185 3907 1216 3953 ad
1233 3906 1343 3954 alterum.
1390 3907 1447 3955 Non

614 3985 800 4033 revertebantur
811 3999 866 4032 cum
878 3984 1017 4032 inciderent
1029 3984 1073 4031 sed
1086 3984 1278 4046 unumquidque
1289 3995 1346 4031 aute
1359 3983 1447 4033 taciem

616 4078 684 4110 suam
696 4063 861 4125 gradiebatur.

443 4140 522 4188 Lectio
535 4140 575 4189 r'r't'.
596 4141 739 4190 Similitudo
750 4141 831 4189 tultus
849 4139 995 4188 animalium
1013 4139 1088 4187 iacies
1109 4137 1214 4186 hominis
1235 4150 1258 4187 et
1279 4138 1449 4187 faciesleonis

617 4235 632 4266 a
649 4219 742 4267 dextris
760 4220 867 4281 ipsorum
887 4230 1006 4282 quatuor:
1026 4218 1101 4265 iacies
1120 4228 1202 4264 autern
1222 4218 1291 4264 bovis
1311 4234 1325 4264 a
1345 4217 1448 4265 sinistris

616 4296 723 4360 ipsorum
736 4307 856 4361 qrtatuor:
875 4307 899 4344 et
913 4295 987 4343 iacies
999 4295 1080 4356 aquile
1093 4295 1198 4356 desuper
1218 4295 1324 4356 imorum
1344 4305 1448 4357 quatuor

612 4384 638 4423 et
657 4374 733 4423 iacies
753 4390 837 4422 eorum
857 4384 882 4422 et
904 4389 986 4437 penne
1007 4388 1090 4422 eorum
1112 4383 1212 4420 externe
1233 4372 1344 4435 desuper.
1391 4372 1448 4419 Due

313 4537 320 4569 ¹
342 4542 422 4592 llll'l‘
442 4543 505 4592 have
525 4545 585 4609 only
597 4545 685 4595 Facies
696 4562 756 4594 vero
767 4546 837 4594 vituli
858 4557 932 4609 atque
950 4544 1031 4609 aquile
1051 4560 1066 4592 a
1085 4543 1190 4592 sinistris
1207 4544 1315 4607 ipsorum
1326 4553 1446 4608 quatuor:

244 4608 297 4658 and
310 4607 353 4655 the
365 4610 441 4658 music
454 4612 533 4659 varies
544 4611 700 4660 considerabl
719 4647 725 4658 .

310 4669 321 4701 ²
340 4674 370 4719 W
382 4676 536 4737 Sapientiam
548 4686 681 4739 eruperunt
692 4628 789 4726 domim
800 4675 933 4740 evangelii.

311 4735 322 4766 ³
342 4740 364 4786 ll
376 4741 427 4788 'and
442 4741 460 4788 l'
473 4741 616 4790 ambulabat
632 4758 721 4790 coram.

311 4805 322 4833 ⁴
341 4805 365 4852 ll
378 4806 407 4852 W
419 4806 532 4870 repleuit.
568 4807 600 4854 W
612 4822 677 4855 eum.
