3600 5834
544 762 736 811 DOMINICA
762 762 865 823 QUAR
870 763 895 809 T
891 764 915 810 Α
942 761 1251 822 QUADRAGESIME.
1452 759 1500 819 285

764 981 808 1042 ΙΝ
833 992 1031 1043 ennomus

294 1144 375 1207 Ant.
399 1143 495 1206 Tune
511 1143 743 1226 acceptabis...
1008 1144 1064 1205 Ps.
1089 1143 1255 1206 Miserere.

295 1233 376 1295 sint.
399 1231 531 1294 Bonum
548 1241 598 1293 est
614 1251 786 1312 sperare...
1009 1230 1065 1292 Ps.
1090 1228 1313 1294 Confitemini.

295 1320 375 1382 Ant.
400 1318 581 1381 Benedicat
597 1336 699 1379 nos...·
1007 1318 1066 1379 Ps.
1091 1317 1184 1380 Deus
1200 1318 1292 1379 deus.

295 1408 376 1468 Aut.
402 1404 525 1468 Potens
540 1425 575 1466 es
591 1404 767 1466 domine...
1005 1404 1061 1467 Ps.
1087 1403 1286 1467 Benedicite.

295 1495 375 1555 Aut.
399 1491 510 1574 Reges
526 1493 666 1553 terre...¹
1009 1491 1066 1552 l’s.
1091 1491 1252 1554 Laudate.

298 1579 493 1660 Capitulum.
517 1577 685 1660 Scriptum
701 1588 760 1641 est.
1022 1649 1034 1660 .

295 1667 457 1747 Hymnus
483 1664 558 1727 lesu
574 1665 845 1746 quadragenarie.
1012 1665 1051 1738 ll.
1077 1663 1182 1728 Scuto
1197 1662 1414 1727 circundabit.

295 1755 375 1816 Aut.
404 1750 500 1814 Abiit
533 1753 619 1814 iesus
650 1763 742 1814 trans
773 1771 864 1813 mare
894 1751 1014 1833 galilee
1045 1754 1135 1833 quod
1166 1762 1216 1814 est
1248 1751 1438 1832 tyberiadis,
1467 1761 1500 1814 et

380 1839 621 1921 sequebatur...
1015 1839 1071 1900 Ps.
1096 1838 1303 1901 Benedictus

298 1926 420 1991 Oratio.
445 1925 600 1990 Concede
616 1945 799 2008 quesumus
814 1925 1036 2006 omnipotens.

299 2014 367 2076 Hec
380 2013 484 2075 oratio
498 2012 625 2075 {licetur
637 2013 686 2074 ud
696 2033 804 2074 oumcs
817 2010 916 2074 leoras
930 2011 1028 2075 leuius
1043 2012 1116 2075 diei.

780 2226 840 2288 Ar>
864 2240 1022 2289 nummu.

296 2391 376 2454 Aut.
401 2389 511 2455 Subiit
526 2409 607 2472 ergo
623 2389 749 2451 iesus...
971 2390 1026 2452 Ps.
1052 2389 1144 2451 Deus
1160 2389 1241 2452 deus
1258 2410 1351 2452 meus
1368 2391 1502 2472 respice.

300 2481 376 2541 Aut.
401 2477 534 2541 Gratias
550 2478 621 2540 tibi.
973 2476 1029 2539 Ps.
1055 2475 1254 2559 Quicunque
1269 2476 1348 2540 vult.

768 2694 829 2756 AI)
852 2706 1029 2756 Tenemur.

298 2856 378 2919 Ant.
403 2855 545 2937 Accepit
561 2875 641 2936 ergo
657 2856 800 2917 ἰεειιε...2
976 2856 1031 2917 Ps.
1057 2856 1182 2936 Legem
1200 2875 1295 2937 pone.

301 2943 497 3025 Capitulum.
521 2941 690 3023 Scriptum
707 2952 767 3004 est.
982 2943 1023 3023 Rt.
1049 2942 1178 3005 Bonum
1197 2943 1303 3005 michi.

298 3030 430 3114 [Oratio
445 3039 482 3091 ut
495 3028 621 3110 supra]

781 3240 843 3303 An
866 3254 1024 3305 snxrnn.

301 3407 380 3470 Aut.
406 3408 458 3470 De
475 3406 622 3488 quinque
638 3404 820 3485 panibus...
977 3406 1033 3468 Ps.
1059 3406 1197 3469 Deiecit.

305 3495 498 3576 Capitulum.
525 3494 645 3554 Letare
661 3491 820 3554 sterilis...
981 3492 1022 3572 R⁷.
1048 3493 1171 3556 Seruus
1189 3504 1274 3556 tuus,

788 3728 848 3791 AD
873 3742 1021 3791 uounn.

303 3898 381 3960 Ant.
406 3894 550 3958 Satiauit
566 3893 762 3955 dominus...
983 3892 1040 3954 Ps.
1066 3891 1238 3954 Mirabilia.

306 3983 500 4064 Capitulum.
536 3981 668 4043 Fratres
698 4000 764 4042 non
796 3999 912 4041 sumus
942 3979 1062 4040 ancille
1090 3978 1157 4053 filii,
1189 3980 1246 4041 sed
1287 3979 1406 4042 libere:
1439 4001 1509 4062 qua

389 4069 542 4132 libertate
558 4068 699 4129 christus
716 4088 775 4128 nos
792 4066 951 4128 liberauit.
998 4066 1039 4147 lq.
1065 4064 1203 4147 Septies.

661 4291 720 4352 An
744 4303 936 4353 sncuunns
960 4304 1152 4354 resecans

306 4449 385 4509 Aut.
410 4447 507 4512 Sede.
789 4433 791 4436 ’
998 4445 1054 4507 l's.
1080 4447 1178 4509 Dixit
1193 4447 1355 4511 dominus.

310 4535 503 4617 Capitulum.
529 4533 696 4615 Scriptum
714 4543 772 4595 est.
1001 4534 1043 4618 lt.
1068 4534 1172 4599 Educ.

307 4620 468 4701 Hymnus.
494 4621 583 4684 Ecce
598 4631 730 4702 tempus
746 4622 925 4701 ydoneum.
997 4623 1037 4694 ll.
1066 4620 1204 4702 Angelis
1220 4622 1287 4683 suis
1302 4621 1392 4683 deus.

372 4806 379 4837 ¹
398 4809 430 4855 W
443 4806 542 4857 laudate
554 4805 692 4857 dominum.
1049 4806 1060 4836 '·'
1078 4807 1103 4855 H
1117 4806 1185 4857 etde
1197 4806 1314 4871 piscibus.
