3600 5834
634 734 731 783 Posr
745 735 838 784 OCTA
848 735 916 784 VAS
930 735 1163 786 EPVPHANIE.
1452 744 1499 796 217

294 885 419 949 Oratio.
442 885 532 951 Vota
548 905 729 968 quesumus
745 887 888 951 domine.

293 973 364 1035 Hac
391 974 494 1036 oratio
523 974 656 1036 dicotur
682 974 732 1037 ad
750 995 858 1038 omnes
886 973 985 1039 lioras
1006 986 1070 1056 per
1097 976 1308 1040 ebdomadam
1338 976 1373 1039 in
1395 976 1501 1055 serios

378 1060 507 1142 quondo
521 1061 560 1123 a'r
566 1061 662 1141 sari'o
682 1062 804 1143 agitur.

785 1288 846 1351 Ao
877 1301 1034 1352 munau.

294 1437 456 1518 Hymnus.
482 1439 554 1502 lam
572 1440 678 1502 lucis.a

292 1527 373 1588 Ant.
397 1525 563 1592 Dominus
580 1529 671 1611 regit.
891 1527 949 1590 Ps.
974 1528 1067 1591 Deus
1082 1526 1165 1589 deus
1182 1546 1276 1590 meus
1292 1525 1426 1608 respice

294 1611 362 1675 'Et
374 1614 471 1676 ceteri
476 1613 606 1696 psalmi
616 1615 761 1676 consueti
765 1614 850 1677 sicut
861 1614 896 1676 in
905 1615 1021 1696 priona
1033 1613 1195 1677 donnnica
1205 1613 1367 1676 aduentus
1377 1611 1506 1675 domini

373 1709 582 1779 prenotatam
603 1711 651 1763 est
665 1702 710 1783 (p.
732 1702 828 1783 101).·
849 1711 882 1764 et
902 1702 1142 1765 dicantnrcum
1157 1701 1304 1782 pradi'cta
1326 1697 1503 1782 antiphona

379 1787 527 1850 omnibus
563 1786 734 1851 dominicis
771 1809 871 1869 usqne
905 1789 953 1852 ad
985 1787 1253 1870 septuagesimam
1290 1796 1322 1850 et
1357 1808 1378 1848 a
1409 1785 1502 1848 Deus

380 1874 530 1937 omnium
556 1895 655 1956 usqne
684 1875 733 1937 aa'
758 1876 936 1938 aduentum
966 1874 1094 1937 domini
1121 1875 1250 1955 qnando
1276 1874 1315 1937 de
1340 1873 1503 1935 dominica

379 1961 545 2041 agt‘tnr.”

293 2046 373 2108 Ant.
398 2047 531 2111 Gratias
548 2049 607 2112 tibi
624 2048 714 2112 deus.
890 2048 949 2113 Ps.
972 2046 1174 2131 Quicunque
1189 2048 1269 2111 vult.

296 2132 491 2213 Capitulum.
516 2137 601 2218 Regi
618 2136 813 2200 seculorum.

294 2221 335 2302 lu.
362 2220 437 2283 lesn
453 2222 582 2287 christe.
890 2221 932 2300 57.
956 2222 1023 2306 Qui
1039 2222 1163 2285 sedes.b

295 2306 428 2372 ‘Cetera
443 2310 555 2371 onmia
569 2330 629 2390 qne
644 2310 694 2373 ad
696 2310 846 2391 primam
854 2310 1024 2390 pertinent
1038 2320 1076 2371 ut
1090 2310 1125 2372 in
1133 2309 1291 2390 psalterio
1301 2308 1505 2371 conlimatur

381 2395 621 2476 i·xpi'oantur.**
639 2401 649 2470 (
655 2419 684 2479 p.
706 2401 786 2479 15.)c

775 2684 837 2748 Ao
860 2697 1039 2750 nnuman.

296 2888 344 2951 dA
350 2900 393 2952 nt.
419 2888 509 2953 Laus
524 2901 558 2953 et
574 2892 734 2973 perennis.
895 2890 954 2954 Ps.
978 2891 1104 2973 Legem
1121 2910 1216 2973 pone.

300 2974 492 3057 Capimlam.
518 2977 632 3041 Gratia
648 2977 775 3041 domini
792 2978 905 3041 nostri.

297 3063 340 3147 Ra
366 3064 494 3127 Inclina
509 3084 565 3127 cor
583 3085 702 3129 meum.
869 3063 910 3142 lis.
937 3064 1063 3128 Auerte
1079 3065 1201 3128 oculos.
1250 3065 1289 3127 ln
1305 3065 1504 3129 testimonia.

908 3151 1022 3215 Gloria
1038 3152 1133 3235 patri.
1183 3153 1225 3234 Ru
1252 3152 1388 3215 Inclina.

297 3234 338 3315 V.
363 3237 439 3321 Ego
455 3238 535 3302 dixi.
896 3239 939 3320 K.
964 3237 1054 3302 Sana
1069 3238 1226 3303 animam.

779 3545 839 3608 Ao
867 3559 1025 3611 sennan.

298 3744 378 3806 Ant.
404 3743 518 3807 Gloria
536 3743 650 3805 laudis,
913 3744 970 3806 Ps.
996 3744 1135 3806 Deiecit.

302 3829 499 3913 Capitulum.
525 3831 618 3892 Deus
634 3830 754 3892 caritas
770 3840 829 3893 cst.

300 3918 342 3999 lu.
368 3918 406 3979 ln
423 3927 575 3979 eternum
593 3916 738 3979 domine.
915 3915 956 3993 V.
983 3918 1020 3980 ln
1052 3917 1124 3980 celo
1158 3928 1192 3980 et
1230 3917 1263 3979 in
1301 3917 1504 3981 seculum¹...

389 4005 573 4067 Permanet.
620 4002 743 4066 Gloria.
789 4005 832 4086 Ru
858 4004 896 4065 ln
914 4014 1075 4067 eternum.

300 4089 341 4168 ll.
366 4093 532 4154 Dominus
549 4092 642 4173 regit.
913 4092 958 4173 lo.
981 4091 1020 4154 In
1038 4091 1119 4154 loco.

365 4386 376 4408 ¹
396 4378 421 4427 H
432 4378 502 4443 gives
514 4378 591 4441 hymn
603 4377 628 4427 in
641 4378 694 4437 lull,
707 4378 757 4434 and
769 4394 826 4427 cues
836 4378 865 4427 oi
874 4379 974 4441 psalms.
1011 4376 1046 4428 0⁹
1056 4377 1125 4442 gives
1136 4378 1177 4427 the
1190 4378 1270 4428 latter.

367 4455 378 4484 ¹*
395 4454 510 4505 Without
523 4455 564 4504 the
576 4472 645 4504 verse
658 4456 707 4519 Qui
718 4456 749 4504 de
762 4456 867 4520 virgine.
904 4457 929 4504 ll
941 4456 1006 4506 adds
1018 4443 1049 4519 li.
1065 4456 1164 4521 Exurge
1175 4455 1278 4506 domine
1288 4454 1380 4505 adiuua
1392 4472 1445 4505 nos.

364 4543 373 4564 ‹-
393 4533 428 4581 0²
438 4533 482 4582 &a
498 4533 566 4582 Sicut
578 4549 632 4581 mos
643 4544 688 4582 est.

364 4611 376 4641 ⁴¹
396 4612 421 4659 ll
434 4612 502 4675 gives
514 4613 590 4675 hmnn
604 4611 629 4659 in
641 4610 696 4671 full,
708 4611 759 4659 and
771 4608 807 4661 0²
817 4628 884 4672 cues,
896 4622 923 4660 at
934 4611 1022 4671 Terce,
1036 4611 1097 4661 Sext
1107 4612 1158 4662 and
1171 4611 1253 4662 None.

394 4747 412 4794 P
424 4745 504 4804 (here)
519 4745 549 4793 In
562 4744 680 4795 seculum.
721 4744 762 4807 (In
776 4744 877 4809 psallet,
890 4759 918 4793 as
930 4746 1005 4805 text.)
