3600 5834
603 736 652 785 IN
671 737 817 787 OCTAVA
841 738 980 789 SANCTI
1002 738 1196 789 IOHANNIS.
1458 740 1502 801 187

299 889 417 955 Oratio
432 900 471 952 nt
484 889 519 952 in
534 890 595 953 die.

296 978 463 1041 Memoria
486 977 526 1039 de
546 987 656 1039 saneto
679 977 823 1043 iohanne.
845 978 926 1042 Ant.
955 980 1043 1043 Ecce
1074 1001 1138 1065 ego
1169 980 1339 1044 iohannes.
1392 979 1434 1059 ll.
1460 982 1499 1046 In

384 1084 519 1126 omnem
537 1074 667 1127 terram.
759 1066 874 1129 Oratio
889 1076 929 1129 nt
941 1067 976 1128 in
991 1067 1051 1130 die.

295 1151 462 1214 Memoria
490 1151 530 1213 de
558 1161 671 1213 sancta
700 1154 819 1215 maria.
842 1153 922 1215 Ant.
947 1152 1164 1218 Germinauit.
1253 1152 1296 1233 ll.
1321 1153 1501 1237 Speciosus

385 1238 501 1300 sorma.
591 1237 714 1301 Oratio.
739 1240 831 1302 Deus
848 1242 905 1322 qui
921 1240 1045 1305 salutis.

299 1325 359 1389 Sic
393 1325 516 1387 dicitnr
551 1326 707 1387 memoria
736 1326 774 1388 de
804 1326 895 1389 beata
926 1329 1036 1390 maria
1072 1329 1121 1391 aa'
1146 1339 1293 1409 vesperas
1330 1350 1428 1411 nsque
1457 1331 1506 1393 ad

376 1413 638 1493 purificationem
654 1413 724 1475 nisi
744 1414 779 1474 in
794 1414 966 1477 dominicis
980 1426 1012 1478 et
1025 1417 1128 1495 festis
1143 1437 1255 1479 nonem
1278 1417 1455 1491 lectionum,
1472 1427 1503 1479 et

384 1499 453 1561 nisi
465 1500 501 1561 in
517 1498 634 1578 vigilia
648 1500 828 1581 epyphanie.

295 1587 462 1650 Memoria
484 1585 523 1648 de
546 1586 770 1649 innocentibus.
794 1589 875 1650 Ant.
899 1588 1160 1654 Ambulabunt..
1178 1602 1194 1634 ἃ
1238 1587 1279 1668 ll.
1305 1590 1481 1654 Letamini.

386 1673 501 1736 Oratio
517 1683 676 1755 utsupra.
1470 1719 1471 1723 ,

296 1759 462 1823 Mernoria
476 1760 636 1822 desancto
652 1760 760 1823 tlcoma
776 1771 815 1823 ut
833 1773 934 1842 snpra
949 1783 1020 1824 cnm
1066 1760 1107 1841 yl’.
1133 1763 1285 1827 Posuisti.
1334 1764 1449 1828 Oratio
1465 1775 1503 1827 nt

397 1858 506 1928 snpra.

563 2230 612 2293 IN
646 2229 848 2294 OCTAVA
880 2230 912 2295 S.
945 2229 1220 2296 IOHANNIS.b

747 2484 808 2548 Ao
831 2499 1061 2550 Marurruns.

303 2701 382 2763 Tres
396 2699 541 2762 lectiones
546 2700 640 2782 fiant
653 2700 724 2761 sinc
739 2700 897 2779 regimine
911 2698 1010 2763 chori.

296 2787 533 2871 Inne'tatorinm
563 2786 704 2866 hymnus
739 2787 912 2869 antiphone
947 2799 979 2851 et
1006 2787 1135 2869 psalmi
1169 2797 1208 2849 nt
1243 2787 1279 2850 in
1309 2787 1424 2869 prima
1453 2786 1507 2849 die

385 2874 561 2936 dicantur.c
585 2874 631 2955 (p.
653 2875 736 2956 157.)

296 2960 338 3040 V.
364 2962 403 3023 In
420 2981 555 3022 omnem
571 2970 701 3022 terram.

298 3049 406 3112 Lectio
422 3047 460 3109 id
487 3048 652 3108 lohannes
669 3047 841 3129 apostolus
857 3056 892 3109 et
908 3047 1115 3129 euangelista
1131 3068 1207 3110 cum
1224 3057 1302 3128 post
1326 3046 1504 3110 domiciani

386 3135 517 3215 tyranni
564 3134 691 3197 obitum
739 3136 781 3197 de
827 3134 985 3216 pathmos
1026 3136 1133 3198 insula
1171 3134 1331 3216 ephesum
1375 3136 1504 3210 rediret,

386 3222 566 3302 rogabatur
603 3222 704 3283 etiam
742 3222 867 3283 vicinas
906 3222 1069 3284 illustrare
1108 3223 1295 3304 prouincias
1340 3242 1408 3304 quo
1452 3222 1504 3285 vel

386 3308 541 3370 ecclesias
565 3307 719 3370 fundaret
739 3309 772 3370 in
788 3309 909 3389 quibus
930 3329 995 3371 non
1016 3321 1109 3371 erant
1134 3309 1222 3385 locis
1238 3308 1289 3370 vel
1314 3309 1346 3370 in
1370 3309 1504 3390 quibus¹

386 3394 509 3477 [erant]
536 3396 725 3458 sacerdotes
752 3417 790 3457 ac
814 3396 983 3470 ministros
1006 3396 1190 3472 instrueret,
1206 3397 1389 3459 secundum
1413 3397 1503 3477 quod

386 3483 416 3544 ei
432 3483 567 3563 spiritus
583 3492 716 3544 sanctus
733 3483 774 3545 de
791 3502 995 3565 unoquoque
1012 3484 1198 3545 indicasset.

298 3571 342 3650 R.
364 3569 475 3631 Valde
490 3568 713 3631 honorandus,

299 3656 407 3719 Lectio
434 3657 467 3718 ii.
494 3656 579 3719 Cum
607 3677 687 3737 ergo
710 3656 856 3718 venisset
883 3657 925 3718 ad
951 3657 1120 3737 quendam
1147 3657 1263 3718 urbem
1290 3656 1378 3718 haud
1405 3656 1504 3739 longe

387 3744 541 3823 positam,
571 3743 726 3805 omnibus
754 3743 987 3805 ecclesiasticis
1013 3743 1130 3805 officiis
1161 3743 1352 3825 adimpletis
1384 3743 1504 3806 solem-

388 3830 481 3905 niter,
504 3830 588 3892 vidit
619 3831 771 3892 iuuenem
803 3833 972 3911 quendam
1001 3830 1149 3893 validum
1180 3850 1319 3912 corpore
1350 3840 1383 3894 et
1410 3831 1503 3894 vultu

386 3916 574 3999 elegantem
591 3918 648 3978 sed
666 3918 779 3979 animo
792 3919 878 3979 acer'
895 3918 1017 3978 nimiae

299 4004 343 4086 Rt.
369 4002 434 4065 Hic
450 4012 501 4065 est
517 4003 706 4083 discipulus.

365 4293 376 4316 ²
392 4286 449 4333 Sor.
465 4283 481 4334 i.
496 4284 552 4333 261.

365 4360 378 4394 ¹³
394 4362 508 4412 Omitted
520 4363 545 4412 in
558 4361 599 4413 0².
738 4421 740 4423 ,

364 4448 375 4472 ⁶
394 4441 455 4488 HW
465 4442 522 4505 give
534 4457 603 4490 some
614 4457 682 4491 cues.

365 4515 378 4549 d
394 4517 428 4564 W
439 4518 485 4566 has
496 4535 529 4567 no
540 4520 643 4567 lessons.

365 4603 376 4627 ⁸
394 4596 421 4643 H
433 4595 497 4644 adds
510 4595 841 4661 Respiciensque...ecclesie

331 4702 341 4735 ¹
360 4707 386 4754 H
398 4717 468 4756 erant
479 4708 650 4760 sacerdotibus
660 4720 686 4760 et
697 4710 823 4760 ministris.

330 4767 343 4801 ¹
359 4772 386 4821 H
398 4773 476 4822 animi
487 4790 578 4825 aerem.
