3600 5834
743 594 802 655 36
1363 596 1462 646 ΙΝ
1498 595 1605 646 ΝΑ
1617 596 1799 646 TALI
1852 595 1997 647 UNI
1997 594 2082 646 US
2136 593 2512 645 APOSTOLI.

1434 748 1881 812 Ecclesiamm
1915 747 2242 831 principes

1436 835 1599 899 Belli
1639 835 2072 917 triumphales
2102 838 2305 898 duces

1433 922 1712 987 Celestis
1743 922 1892 985 aule
1926 922 2169 985 milites

1435 1009 1526 1072 Et
1556 1031 1709 1073 vera
1742 1011 1972 1072 mundi
2006 1008 2276 1072 lumina.

1439 1138 1704 1202 Devota
1735 1149 2114 1201 sanctorum
2147 1137 2313 1200 fides

1441 1226 1696 1288 Invicta
1723 1246 1877 1307 spes
1907 1226 2313 1288 credentium

1439 1311 1735 1375 Perfecta
1765 1311 1988 1374 christi
2019 1314 2259 1375 caritas

1438 1399 1678 1461 Mundi
1711 1399 2077 1481 triumphat
2108 1399 2490 1481 principem.

1444 1526 1521 1589 In
1556 1527 1656 1589 his
1687 1536 1964 1609 paterna
1994 1527 2204 1608 gloria

1443 1614 1522 1676 In
1555 1614 1656 1675 his
1687 1614 1995 1677 voluntas
2028 1612 2199 1677 filius

1440 1701 1727 1763 Exultat
1760 1702 1825 1763 in
1859 1700 1961 1763 his
1991 1702 2258 1782 spiritus

1439 1787 1673 1851 Celum
1705 1788 1996 1869 repletur
2034 1787 2309 1869 gaudiis

1434 1915 1535 1978 Te
1568 1937 1741 1979 nunc
1775 1918 2158 1999 redemptor
2187 1935 2549 1998 quesumus

1440 2003 1536 2066 Ut
1571 2004 1863 2085 ipsorum
1897 2004 2229 2066 consortio

1437 2091 1464 2152 Ι
1476 2111 1683 2173 ungas
1718 2101 2058 2171 precantes
2090 2089 2381 2152 servulos

1440 2178 1521 2239 In
1551 2178 1955 2260 sempiterna
1979 2176 2216 2240 secula.
2309 2177 2585 2240 Amen.a

1625 2426 1709 2489 In
1725 2425 1950 2507 primo
1980 2436 2299 2489 nocturno.

744 2564 905 2628 Ant.
954 2563 1033 2626 In
1066 2583 1419 2626 omnem...
2136 2564 2251 2626 Ps.
2301 2561 2441 2627 Celi
2474 2571 2798 2626 enarrant.

744 2652 905 2713 Ant.
955 2649 1511 2715 Clamaverunt...
2140 2651 2254 2714 Ps.
2306 2651 2722 2713 Benedicam.
2866 2656 2873 2662 “

743 2739 905 2800 Ant.
954 2737 1335 2801 Constitues
1368 2759 1563 2799 θος...
2133 2738 2252 2802 Ps.
2299 2738 2662 2802 Eructavit.

919 2826 997 2884 ff
1033 2824 1109 2885 In
1143 2844 1412 2887 omnem
1447 2834 1688 2887 terram
1721 2824 1948 2887 exivit.

745 2910 1072 2974 Lectiones
1099 2910 1178 2972 de
1186 2912 1585 2992 proprietate
1612 2911 1966 2993 legantur.b

876 3125 900 3150 ⁸
938 3118 990 3169 H
1016 3117 1107 3167 has
1126 3117 1246 3182 only
1270 3117 1353 3167 the
1377 3134 1469 3167 cue
1494 3117 1624 3168 here.
2290 3178 2296 3183 .

878 3195 904 3229 ὓ
940 3196 1065 3245 HW
1090 3195 1216 3244 have
1242 3196 1409 3246 Lectio
1432 3197 1467 3245 i.
1545 3197 1727 3245 Beatos
1752 3196 2004 3260 apostolos
2026 3211 2188 3246 sermo
2211 3196 2411 3245 divinus
2434 3195 2526 3245 sub
2549 3194 2882 3260 appellatione
2906 3196 3153 3244 montium

1592 3282 1948 3322 commemorat
2005 3287 2094 3338 pro
2148 3272 2420 3322 stabilitate
2466 3273 2702 3321 virtutum
2747 3288 2806 3321 ac
2849 3272 3156 3322 sublimitate

1592 3351 1884 3399 meritorum
1940 3359 1994 3398 ut
2049 3348 2386 3414 intelligamus
2451 3359 2637 3415 quanta
2694 3366 2780 3399 eos
2832 3351 3157 3399 veneratione

1595 3427 1823 3476 excolere
1863 3428 2136 3476 debeamus
2171 3428 2222 3476 in
2257 3427 2436 3491 quibus
2475 3427 2704 3476 videmus
2743 3426 3006 3475 ecclesiam
3039 3442 3156 3475 con·

1596 3505 1783 3553 sistere.

1242 3581 1403 3630 Lectio
1426 3581 1482 3630 ii.
1547 3581 1673 3630 Ideo
1714 3582 1863 3644 igitur
1918 3581 2304 3644 magnanimitas
2358 3580 2542 3629 iniusta
2580 3581 2680 3641 [W.
2724 3580 2932 3640 invicta]
2973 3595 3159 3629 nomen

1601 3658 1772 3707 sortita
1796 3667 1870 3707 est
1893 3658 2206 3707 fundamenti
2230 3659 2347 3722 quia
2368 3658 2496 3707 sicut
2518 3658 2898 3706 fundamentum
2922 3658 2974 3706 in
3000 3657 3162 3721 primo

1599 3736 1786 3784 edificii
1854 3734 1966 3783 loco
2033 3736 2232 3797 ponitur
2288 3736 2358 3783 ita
2412 3751 2500 3799 per
2555 3751 2641 3783 eos
2695 3733 2921 3798 primitus
2985 3735 3162 3798 religio

1598 3812 1868 3862 christiana
1908 3811 2115 3861 inicium
2149 3813 2358 3876 sumpsit
2402 3829 2489 3876 per
2512 3811 2623 3861 illos
2662 3811 2786 3860 fides
2824 3811 3024 3861 novella
3063 3828 3162 3861 sur-

1602 3891 1729 3939 rexit
1754 3899 1804 3938 et
1828 3891 1965 3953 quasi
2002 3905 2148 3953 supra
2170 3891 2354 3939 molem
2394 3889 2603 3939 solidam
2626 3899 2766 3938 vasta
2788 3888 3020 3938 firmitate
3043 3904 3162 3939 con-

1601 3968 1743 4016 sedit.
1814 3968 1902 4028 [W
1926 3966 2188 4015 firmudare
2212 3968 2466 4028 concedit]

1253 4046 1409 4096 Lectio
1430 4046 1509 4095 iii.
1553 4046 1668 4094 1·1ec
1692 4061 1806 4094 cum
1831 4045 1900 4092 ita
1922 4053 2036 4092 sunt
2061 4044 2110 4091 in
2138 4044 2366 4107 injuriam
2391 4045 2472 4093 dei
2498 4043 2708 4093 ecclesie
2731 4045 2915 4092 intrant
2951 4043 3165 4107 parietes

1600 4124 1684 4186 qui
1709 4138 1812 4171 non
1853 4123 2008 4186 digno
2049 4121 2235 4170 honore
2270 4131 2570 4170 venerantur
2608 4120 2818 4170 ecclesie
2859 4122 3160 4170 fundatores.

1606 4200 1698 4248 Hii
1724 4200 1860 4247 enim
1882 4209 1996 4248 sunt
2036 4198 2301 4247 duodecim
2344 4199 2591 4262 principes
2631 4199 2791 4262 plebis
2832 4198 2996 4247 Israel.
3072 4198 3164 4247 Hii

1603 4278 1869 4326 duodecim
1893 4277 2056 4325 sontes
2077 4276 2258 4339 reperti
2284 4276 2332 4323 in
2362 4276 2530 4339 Hely:
2569 4276 2662 4323 Hii
2702 4275 2968 4324 duodecim
3006 4284 3168 4323 castra

1606 4355 1670 4402 de
1697 4355 1936 4402 Ramesse
1976 4353 2202 4417 usquein
2230 4354 2405 4416 Syna:
2446 4352 2536 4401 Hii
2577 4353 2843 4402 duodecim
2884 4351 3078 4416 lapides
3112 4352 3164 4401 in

1606 4442 1744 4480 veste
1784 4431 2068 4480 sacerdotis
2145 4430 2236 4479 Hii
2277 4430 2543 4479 duodecim
2586 4446 2740 4494 panes
2779 4429 3166 4494 propositionis:

1609 4509 1701 4557 Ilii
1739 4518 1854 4557 sunt
1893 4508 2161 4557 duodecim
2205 4507 2539 4572 exploratores
2579 4508 2714 4557 missi
2755 4524 2785 4557 a
2824 4508 3033 4571 Moyse:
3075 4507 3169 4556 Hii

1605 4586 1874 4635 duodecim
1911 4584 2081 4649 populi
2121 4593 2300 4634 terram
2339 4585 2736 4649 repromissionis
2769 4585 2988 4649 ingressi.
3080 4585 3173 4645 [W

1608 4664 1734 4713 ends
1756 4672 1806 4713 at
1829 4664 2014 4728 reperti
2034 4663 2093 4712 in
2117 4663 2323 4725 Helrm]
