3600 5834
337 723 383 787 136
552 774 557 783 ,
601 723 816 776 EBDOMADA
848 725 999 788 QUARYA
1023 724 1240 776 ADVENTUS.
1305 780 1306 784 Ἰ

815 917 876 982 An
899 931 1057 982 Pnlnsn.

341 1059 415 1121 Ant.
439 1057 565 1123 Canite.
1000 1058 1057 1119 Ps.
1082 1056 1174 1119 Deus
1189 1055 1271 1118 deus
1289 1052 1408 1130 meust

334 1144 429 1227 [Aut.
453 1144 597 1212 Gracias.
999 1145 1056 1207 Ps.
1081 1141 1301 1225 Quicunque]

802 1350 864 1413 Ao
887 1363 1064 1416 snncnn.

334 1488 414 1550 Aut.
432 1486 654 1551 Ecceveniet.
1002 1487 1059 1551 Ps.
1085 1488 1210 1571 Legem
1227 1506 1323 1570 pone.

337 1572 529 1654 Capitulum
555 1574 731 1637 Gaudete
723 1594 755 1636 1n
772 1574 917 1637 domino
1000 1572 1054 1658 [R.
1078 1575 1165 1638 Veni
1177 1572 1220 1636 ad
1237 1571 1468 1654 liberandum]

334 1659 570 1742 *Responsoria
584 1670 615 1723 et
639 1660 757 1724 Versus
769 1663 854 1724 sicut
867 1660 903 1722 in
910 1661 1025 1741 prima
1040 1661 1214 1725 Donnnica
1225 1660 1398 1723 Adventus
1408 1656 1537 1723 domini

419 1748 468 1809 ad
477 1768 586 1810 omnes
599 1747 697 1810 ltaras
709 1746 870 1811 docuntur
873 1745 912 1785 *'

809 1955 872 2019 Ao
895 1969 1055 2020 snxtnn.

332 2093 413 2158 Ant.
436 2093 603 2158 Dominus
618 2094 736 2157 veniet
1008 2093 1066 2157 Ps.
1089 2092 1229 2158 Defecit.

336 2179 530 2263 Capitulum.
554 2180 665 2246 Nichil
680 2180 852 2245 solliciti...
1010 2180 1067 2265 [Κλ
1091 2177 1368 2349 Ostzpcizppptiis.
1419 2176 1533 2243 Oratio

809 2471 870 2535 Ao
894 2485 1041 2538 nonen.

331 2610 413 2674 Aut.
436 2609 668 2693 Omnipotens.
1002 2610 1059 2674 Ps.
1083 2610 1257 2674 Mirabilia.

335 2696 530 2778 Capitulum.
563 2698 609 2760 Et
647 2716 717 2779 pax
755 2697 850 2761 dei...
891 2709 1018 2761 vestras
1055 2699 1088 2759 in
1126 2698 1250 2760 christo
1287 2696 1356 2759 iesu
1395 2696 1533 2759 domino

658 2795 779 2847 nostro.
935 2783 990 2868 [ΚΖ.
1016 2785 1123 2867 Super
1139 2795 1180 2849 te.
1229 2783 1343 2849 Oratio
1359 2791 1397 2845 ut
1410 2782 1533 2865 supra]

792 2989 855 3055 Ao
877 3003 1071 3057 voseenns.

331 3129 411 3192 Aut.
435 3126 524 3192 Sede
538 3147 558 3190 a
573 3127 709 3193 dextris.
1000 3130 1057 3193 Ps.
1081 3130 1180 3193 Dixit
1197 3130 1372 3196 Dominus.

335 3214 528 3297 Capitulum.
552 3213 714 3280 Gaudete.
1007 3218 1049 3299 Κλ
1075 3217 1217 3282 Festina.

333 3303 495 3382 Hymnus.
519 3300 689 3367 Conditor.
1006 3301 1047 3381 V.
1072 3304 1204 3368 Rorate.

330 3391 412 3452 Ant.
435 3387 476 3451 O.
1005 3390 1061 3453 Ps.
1086 3390 1290 3475 Magnificat.

334 3474 459 3541 Oratio.
482 3474 605 3538 Excita
620 3474 763 3538 domine.

338 3562 384 3627 Ut
396 3561 516 3644 supra*
532 3562 672 3643 quotidie
678 3572 742 3643 per
753 3562 963 3626 ebdomadam
973 3563 1134 3646 usquead
1154 3563 1311 3645 Vigileam
1331 3564 1533 3628 Natiuitatis

417 3649 546 3712 domini
563 3649 724 3713 dicuntur.
769 3650 912 3731 Require
936 3651 1110 3713 secundum
1134 3652 1280 3714 ordinem
1304 3661 1531 3714 nocturnorum

417 3736 550 3800 historie
571 3736 776 3799 dominicales
790 3736 918 3817 quaudo
940 3737 979 3800 de
992 3738 1088 3817 ferta
1110 3739 1227 3821 agetur
1246 3759 1317 3803 cum
1350 3738 1450 3803 Versu
1475 3738 1530 3801 Ex

419 3823 513 3906 Syon
531 3824 665 3905 species.
668 3822 706 3856 ⁵*

722 4145 870 4210 FERIA
902 4146 1142 4213 SECUNDA.

330 4325 437 4387 Lectio
451 4325 498 4401 ia„
510 4325 597 4390 Vere
613 4329 789 4410 vos...ipse
805 4349 888 4391 sum.

329 4411 436 4474 Lectio
451 4412 484 4475 ii.
507 4412 598 4477 Ante
616 4416 848 4479 me...alicnus.

394 4578 405 4602 ²
423 4570 456 4620 Is.
469 4568 532 4618 xliii.
569 4570 912 4621 Hhaslcssonsassollows.
947 4572 1010 4634 Sor.⁴
1019 4573 1041 4639 iffi,
1051 4586 1104 4627 101.

475 4648 491 4696 i.
511 4646 694 4697 Coniottnmini
706 4657 730 4697 et
743 4649 865 4714 accingite
883 4684 890 4700 .
911 4686 918 4699 .
938 4684 947 4700 .
966 4686 973 4701 .
992 4665 1043 4700 non
1055 4652 1144 4702 dicatis
1158 4652 1364 4707 coniurationem.

380 4763 383 4769 .
465 4723 492 4774 ii.
512 4723 606 4775 Omnia
616 4725 684 4774 enim
702 4759 708 4772 .
729 4759 735 4773 .
756 4758 765 4778 .
785 4761 792 4778 .
809 4726 1046 4780 sanctifioacionem.

475 4802 492 4853 i.
512 4802 543 4853 In
555 4802 688 4868 lapidem.
709 4836 715 4849 .
736 4837 742 4851 .
763 4838 770 4852 .
790 4803 928 4869 capientur.
