3600 5834
465 756 511 805 ΙΝ
526 754 676 807 uum!
698 754 815 807 UNIUS
834 755 949 805 MART
950 755 1033 804 i'RIS
1053 754 1103 804 III
1121 743 1354 805 LECTIONUM.
1473 762 1505 812 47

305 907 439 971 *Aleud
450 908 669 990 Euangelium
678 907 852 971 'seeundum
865 907 988 970 Lucam
1001 907 1086 970 roua
1125 907 1164 970 In
1177 906 1234 971 illo
1247 918 1396 990 tempore
1409 905 1507 969 Dixit

395 995 473 1060 ...Si
489 997 562 1078 quis
578 994 902 1076 venit...discipuius.
949 996 994 1058 Et
1011 996 1144 1076 reliqua.

304 1080 439 1146 Omelia
454 1082 542 1146 beati
559 1083 700 1164 gregorii
717 1102 804 1163 pape
820 1082 862 1143 de
874 1082 992 1145 eadem
1010 1081 1158 1144 lectione.

304 1168 341 1232 Si
357 1170 781 1251 consideremus...p0ndus
797 1179 847 1231 est
863 1189 929 1230 non
947 1168 1158 1230 subsidium.b

304 1254 411 1318 Lato
425 1256 494 1319 viii.
540 1255 750 1338 Temporalis
765 1256 833 1317 vita
849 1274 990 1336 superne
1006 1255 1243 1318 vite...m0rti5.

303 1342 411 1404 lectio
427 1344 468 1405 in.
514 1342 589 1426 Que
604 1354 718 1405 autem
734 1342 996 1423 lingua...letari.

304 1487 417 1550 Aliud
431 1487 651 1569 Evangelium
669 1486 843 1549 secuudum
867 1485 991 1548 lucam
1009 1486 1094 1549 mne
1112 1487 1125 1548 Ι
1130 1506 1150 1548 n
1168 1485 1224 1549 illo
1240 1495 1390 1568 tempore
1406 1484 1504 1548 Dixit

393 1575 535 1637 ...homo
551 1575 687 1656 quidam
705 1573 996 1635 nobiliS...reverti.
1044 1573 1089 1635 Et
1106 1574 1238 1655 reliquit

305 1659 425 1725 Sermo
447 1682 491 1723 ex
514 1662 761 1723 commentariis
783 1660 979 1724 venerabilis
1005 1660 1095 1723 Bede
1120 1659 1302 1743 presbyteri
1326 1659 1501 1722 decadem

391 1747 539 1810 lectione.

306 1834 592 1897 Homo...d0mini
609 1856 667 1897 rex
687 1834 795 1897 Israel.

215 1990 220 1997 ⁸
303 1919 413 1983 Lectio
428 1922 497 1984 viii.
544 1923 743 2002 Longinqua
759 1920 990 2002 regi0...terre.

302 2008 412 2070 Lectio
427 2009 469 2071 ix.
515 2009 590 2091 Que
605 2008 757 2072 videlicet
761 2055 841 2070 ......
845 2009 1006 2089 sanguine
1021 2005 1177 2069 christi”

302 2262 352 2324 IN
385 2262 570 2325 NATALI
612 2260 764 2326 UNIUS
800 2260 1053 2326 MARTYRIS
1092 2260 1147 2325 ΙΙΙ
1187 2258 1502 2325 LECTIONUM.d

755 2423 816 2485 Au
840 2437 1033 2490 vusPERAS.

298 2547 329 2607 Α
336 2544 485 2626 uteyhone
498 2555 530 2607 et
536 2544 664 2627 psalrm'
666 2544 813 2623 ferrales.

301 2632 377 2713 Cap.
402 2633 525 2695 Beatus
541 2633 590 2694 vir
604 2632 660 2713 qui
676 2630 798 2693 suffert.

301 2719 455 2799 Hymnus
479 2729 510 2781 ot
534 2728 636 2781 cetera
661 2719 708 2780 ad
731 2730 876 2798 vesperas
902 2726 939 2778 ut
964 2717 999 2779 in
1027 2716 1135 2778 natali
1158 2716 1257 2779 um'us
1284 2714 1441 2794 martyris
1466 2715 1502 2778 ix

386 2806 571 2868 lectionume

302 2891 418 2957 Oratio
433 2902 583 2975 utsupra
598 2892 651 2954 uel
660 2890 764 2954 oratio
771 2889 915 2971 propria.

298 3058 383 3120 *Au
414 3070 634 3120 MATUTINAS
656 3056 891 3119 invitatorium
915 3055 1056 3135 hymnus
1082 3054 1118 3116 ir
1141 3052 1312 3135 antiphone
1336 3075 1408 3117 eum
1430 3057 1501 3117 suis

377 3144 519 3226 psalmis
547 3144 584 3206 in
613 3154 803 3207 nocturnum
830 3154 991 3222 utsupra
1016 3142 1051 3203 in
1082 3142 1190 3203 natali
1217 3142 1316 3204 um'us
1344 3142 1502 3220 martyris

385 3231 423 3292 ir
449 3231 617 3292 lectionum
646 3252 717 3293 eum
748 3251 842 3293 versu
873 3229 986 3292 Gloria
1012 3240 1045 3291 et
1072 3229 1204 3290 honore.
1255 3228 1333 3291 Yres
1356 3229 1502 3291 lectiones

375 3318 470 3401 fiant
489 3318 528 3379 de
544 3317 740 3397 supradictis
760 3315 945 3380 lectionibus
966 3315 1123 3394 martyris
1141 3315 1177 3375 iu
1194 3314 1368 3377 lectionum.
1420 3315 1500 3378 Tria

386 3406 585 3486 responsoria
610 3405 646 3466 in
671 3404 785 3466 ordine
809 3406 848 3465 de
871 3403 1016 3482 hystoria
1037 3402 1186 3483 preduta
1204 3412 1267 3482 per
1290 3402 1500 3464 ebdomadam

384 3491 545 3554 eluantur.
603 3491 652 3553 Et
678 3491 712 3552 si
737 3491 906 3552 dicendum
928 3490 1040 3569 fuerit
1068 3489 1118 3552 bis
1147 3489 1199 3551 uel
1226 3497 1275 3550 ter
1302 3489 1354 3550 uel
1373 3489 1501 3568 pluries

385 3577 425 3640 de
453 3598 516 3639 uno
546 3587 689 3657 martyre
717 3578 761 3640 iii
786 3578 956 3639 lectionum
977 3587 1041 3657 per
1067 3574 1297 3637 hebdomadam
1325 3585 1503 3637 sumantur

378 3664 489 3745 primo
526 3666 593 3728 tria
629 3665 827 3744 responsoria
856 3664 895 3725 de
923 3664 1035 3744 primo
1073 3672 1224 3723 nocturno
1253 3672 1285 3725 et
1315 3672 1424 3743 postea
1461 3663 1500 3724 de

384 3750 518 3813 secundo
555 3760 707 3813 nocturno
742 3760 774 3813 et
808 3751 855 3812 sic
882 3760 946 3830 per
980 3750 1125 3811 ordinem
1162 3770 1320 3829 quousque
1355 3747 1500 3826 hystoria

378 3838 472 3918 plene
498 3837 633 3900 dicatur.
678 3838 726 3900 Et
752 3837 809 3900 hoc
836 3837 1020 3899 observetur
1047 3836 1082 3897 in
1108 3835 1256 3896 omuibus
1284 3835 1436 3915 hystoriis
1461 3836 1501 3898 de

383 3924 548 3994 communi
559 3934 742 3986 sarutorum
759 3925 905 4004 infestis
920 3924 1021 3986 trium
1038 3923 1206 3985 lectionum
1221 3921 1428 3985 dr'cenoiffl

384 4014 423 4074 hl.
449 4012 591 4076 Posuisti
609 4011 762 4075 Domine.

362 4146 374 4170 ⁸
391 4140 448 4189 Sar.
463 4139 490 4197 ii,
506 4138 561 4201 380.

362 4218 374 4248 ⁸
393 4216 419 4264 H
438 4216 482 4265 has
498 4216 536 4265 sor
552 4215 594 4266 the
608 4214 712 4279 Homily
724 4216 790 4278 Quia
807 4214 932 4264 Dominus
943 4231 972 4263 ac
984 4214 1128 4279 redemptor
1141 4216 1174 4278 (p.
1189 4228 1221 4274 44
1233 4214 1282 4263 and
1294 4216 1352 4263 Sar.
1366 4214 1393 4275 ii,
1408 4213 1496 4276 381)...

294 4294 490 4344 medicamenta.

294 4373 377 4422 Lectio
385 4373 451 4421 viii..
488 4372 554 4420 Nam
565 4369 829 4421 sicut...humilitatem
959 4370 1040 4419 Lectio
1051 4370 1081 4418 ix
1124 4369 1198 4419 Certe
1210 4385 1266 4419 cum
1277 4369 1469 4433 se...lssgimini.

397 4449 422 4497 H
435 4448 479 4498 has
488 4449 541 4498 also
553 4449 595 4499 the
607 4449 673 4499 third
685 4447 778 4513 Gospei
789 4448 870 4497 above
881 4447 956 4497 while
969 4448 1001 4495 W
1013 4448 1058 4497 hus
1070 4446 1112 4496 the
1124 4447 1184 4498 first.

361 4536 371 4557 ‘
389 4528 446 4575 Sar.
462 4527 488 4586 ii,
503 4540 559 4589 390.

360 4605 372 4634 ‘¹
390 4605 422 4651 W
433 4605 493 4654 does
504 4614 548 4654 not
559 4604 661 4654 contuin
673 4602 722 4653 this
732 4603 837 4654 section.

361 4690 372 4713 ⁰
389 4682 416 4730 H
427 4683 497 4745 gira
508 4682 552 4731 tull
562 4697 628 4731 cues.

360 4758 371 4791 ί
387 4760 412 4808 Η
431 4759 474 4807 has
490 4759 550 4823 only
562 4760 744 4808 Inm'tatorium
762 4758 871 4821 hymnus
890 4764 915 4806 et
931 4773 1016 4806 novem
1034 4756 1179 4821 Antiphone
1195 4773 1251 4804 curn
1267 4757 1374 4821 psalmis
1385 4764 1409 4806 et
1419 4758 1499 4806 tribus

295 4838 441 4886 lectionibus
451 4843 474 4886 et
484 4837 566 4887 tribou
575 4837 736 4903 rupomoriis
743 4838 772 4885 de
782 4835 926 4899 supradicta
937 4834 1056 4899 hystoria.
1093 4836 1134 4884 rs.
1149 4835 1187 4883 Te
1200 4835 1282 4883 Deum
1293 4834 1348 4882 m'si
1357 4836 1392 4883 sit
1398 4835 1498 4898 offitio.
