3600 5834
595 758 678 808 NON
690 756 910 808 PONTIFICIS
926 758 995 808 VEL
1012 759 1112 809 ABBA
1118 759 1181 809 TIS.
1454 759 1486 818 69

290 911 398 974 Lectio
412 910 455 974 vi.
479 910 567 975 Sunt
583 911 730 994 plerique
746 911 778 974 in
794 910 934 973 ecclesia
948 932 1088 993 quorum
1102 912 1163 975 iste
1175 932 1289 975 servus
1304 911 1483 991 imaginem

379 1007 479 1075 tenet,
501 999 556 1080 qui
583 999 726 1060 melioris
755 999 823 1061 vite
849 999 936 1060 viam
962 999 1097 1081 aggredi
1124 1010 1285 1072 metuunt,
1311 1009 1345 1061 et
1372 1009 1484 1062 tamen

379 1085 483 1148 iacere
500 1086 531 1146 in
548 1085 598 1147 sui
611 1086 756 1167 corporis
773 1085 905 1166 ignavia
921 1105 986 1146 non
1004 1087 1249 1166 pertimescunt.
1295 1085 1434 1166 Cunque
1450 1104 1485 1146 se

379 1183 569 1254 peccatores
584 1172 794 1235 considerant
817 1173 1003 1234 sanctitatis
1019 1174 1087 1234 vias
1103 1174 1243 1254 arripere
1259 1172 1437 1255 trepidant,
1451 1182 1486 1234 et

380 1278 549 1321 remanere
566 1259 597 1320 in
614 1260 682 1320 suis
698 1259 926 1340 iniquitatibus
943 1278 1008 1320 non
1025 1260 1211 1322 formidant.

295 1346 330 1426 R?
353 1342 477 1408 Sancte
494 1345 535 1407 N.
552 1345 674 1409 christi.

718 1578 774 1666 [In
791 1580 884 1643 tertio
899 1581 1073 1663 nocturno]

298 1714 342 1802 [A
349 1726 391 1780 nt.
416 1716 582 1780 Dominus
600 1718 661 1780 iste
676 1728 817 1781 sanctus,
930 1739 1001 1780 cum
1018 1718 1096 1781 aliis
1110 1718 1294 1801 antiphonis
1307 1728 1338 1781 ct
1345 1719 1492 1801 psalmis.

385 1802 417 1881 Σ]
440 1805 556 1885 Justus
578 1814 614 1867 ut
631 1805 755 1886 palma]

297 1891 516 1972 Evangelium
542 1892 714 1953 secundmn
741 1893 846 1955 lucam
873 1891 917 1953 xl.
966 1892 1004 1953 lu
1035 1891 1092 1954 illo
1119 1902 1269 1975 tempore
1292 1893 1380 1955 dixit
1407 1894 1492 1954 iesus

384 1978 555 2058 discipulis
577 1978 645 2040 suis
673 1978 783 2040 Nemo
810 1978 977 2040 lucernam
1001 1982 1155 2042 accendit
1183 1992 1216 2042 et
1241 1981 1271 2041 in
1296 1981 1492 2042 abscondito

386 2065 490 2147 ponit,
520 2085 627 2146 neque
656 2064 718 2127 sub
749 2066 862 2127 modio
877 2067 936 2128 sed
968 2086 1066 2146 super
1095 2067 1339 2141 candelabrum,
1369 2076 1410 2130 ut
1437 2067 1492 2148 qui

387 2152 616 2231 ingrediuntur
632 2151 742 2213 lumen
767 2152 909 2214 videant.
956 2153 1000 2214 Et
1024 2152 1156 2234 reliqua.

301 2238 434 2302 Omelia
450 2239 643 2300 venerabilis
659 2239 743 2300 bede
760 2238 941 2319 presbyteri
959 2239 1132 2301 decadem
1151 2239 1300 2302 lectione.

302 2326 468 2390 Dominus
484 2335 517 2386 et
532 2325 676 2387 salvator
694 2335 805 2387 noster
828 2326 993 2388 lucernam
1015 2328 1165 2388 accendit
1180 2328 1236 2408 qui
1253 2335 1373 2388 testam
1391 2325 1495 2388 voluit

388 2411 491 2473 voluit
507 2411 684 2473 cohibere.a

382 2499 417 2580 lo
440 2498 578 2560 Amavit
592 2518 677 2559 eum.

301 2580 409 2646 Lectio
423 2586 493 2647 viii.
517 2584 762 2648 Candelabrum
777 2584 949 2647 ecclesiam
966 2585 1200 2666 dicit...palam
1217 2585 1350 2648 valeant
1372 2586 1496 2648 intueri.

301 2672 336 2751 Ra·
362 2670 484 2733 Iuravit
500 2671 681 2734 dominus.b
842 2670 874 2748 5]
900 2672 996 2734 Dixit
1012 2673 1207 2735 dominus..
1298 2673 1498 2738 Secundum.

302 2757 408 2819 Lcctro
424 2759 465 2820 ix.
490 2758 640 2820 Lucerna
656 2758 799 2840 corporis
815 2758 1144 2822 tui...discernuntur.

302 2846 337 2926 ld
361 2846 448 2908 Ecce
470 2846 519 2907 vir
542 2846 686 2927 prudens
710 2846 764 2926 qui
788 2844 953 2907 edificavit
975 2846 1112 2908 domum
1131 2866 1224 2907 suam
1241 2863 1339 2926 supra
1362 2856 1499 2924 petram,

389 2933 421 2993 in
439 2933 530 2994 cuius
546 2952 601 2994 ore
619 2952 684 2993 non
708 2943 758 2994 est
780 2933 933 2993 inventus
956 2933 1061 2995 dolus.
1107 2934 1195 3014 Quia
1210 2934 1291 2995 deus
1306 2930 1406 3013 elegit
1422 2952 1497 2994 eum

393 3019 425 3079 iu
442 3019 647 3082 sacerdotem
664 3020 734 3081 sibi.

303 3102 448 3182 VEcce
465 3126 539 3167 vere
559 3106 707 3168 Israelita
723 3106 754 3167 in
772 3125 839 3188 quo
854 3105 951 3168 dolus
967 3126 1033 3168 non
1050 3115 1109 3169 est.
1155 3106 1250 3189 Quia
1312 3102 1498 3190 [Gloria..]

306 3189 377 3276 [Ps.
401 3193 451 3254 Te
467 3190 593 3276 deum]

307 3277 338 3355 ll
360 3280 493 3360 Justum
510 3280 659 3342 deduxit.

772 3512 816 3574 Iu
841 3525 1037 3576 muninus.

308 3645 337 3706 Α
344 3653 387 3708 nt.
410 3646 544 3727 Justum
562 3645 769 3710 deduxicc...
1043 3645 1096 3707 Ps.
1122 3644 1286 3707 Dominus
1303 3645 1459 3727 regnavit.

307 3732 338 3794 Α
344 3741 387 3794 ut.
412 3733 443 3795 N
446 3753 489 3793 on
505 3743 555 3795 est
572 3733 735 3795 inventus.
781 3732 936 3795 Etcetcre
951 3732 1120 3814 antiphone
1135 3746 1284 3813 utsupra
1301 3734 1335 3795 iu
1351 3732 1504 3797 laudibus

394 3820 494 3881 unius
507 3819 697 3901 confessoris
710 3828 742 3881 et
747 3820 921 3902 pontifices.

340 4048 351 4071 ¹
367 4041 425 4089 Sar.
440 4038 465 4088 ii.
479 4040 535 4101 426.
573 4041 599 4089 H
612 4040 657 4090 has
668 4040 838 4103 Evangelr'um
851 4040 903 4089 Vos
914 4040 973 4089 estis
985 4039 1022 4089 sal
1033 4046 1158 4103 utsupra.

373 4118 407 4165 W
418 4118 588 4181 Evangelr'um
601 4119 734 4166 secundum
747 4118 881 4165 nratlreum.

375 4195 406 4244 In
418 4195 462 4244 illo
474 4205 586 4259 tempore
599 4195 661 4244 dixit
673 4210 759 4258 symon
779 4205 862 4258 petrus
879 4194 911 4243 ad
929 4195 1015 4244 iesum.
1053 4196 1118 4244 Ecce
1136 4211 1182 4244 nos
1199 4196 1378 4261 relinquimusi
1389 4195 1473 4244 omnia
1484 4203 1508 4243 et

441 4272 519 4320 secuti
532 4288 616 4321 sumus
627 4281 660 4321 te
698 4273 731 4320 Et
745 4272 847 4336 reliqua.

376 4348 478 4400 Simone
491 4358 562 4413 petro
572 4350 740 4413 interrogante
757 4366 787 4397 ex
805 4365 913 4413 persona
930 4350 1097 4413 apostolorum
1114 4357 1302 4415 ceterorumque
1318 4350 1430 4398 fidelium
1441 4351 1511 4412 qumi

443 4428 509 4491 prior
521 4427 632 4475 omniurn
643 4427 749 4476 christus
758 4426 807 4476 ista
818 4426 929 4491 promisit
941 4442 992 4475 non
1004 4427 1049 4474 soli
1062 4438 1133 4491 petro
1143 4429 1187 4475 sed
1200 4437 1225 4476 et
1237 4429 1354 4492 apostolis
1364 4428 1488 4475 omnibus.

378 4503 443 4553 Lect.
457 4504 515 4552 viii.
536 4504 576 4553 Ne
588 4503 651 4553 forte
663 4504 821 4568 postmodum
833 4505 945 4568 legentes
956 4504 1069 4553 homiues
1082 4519 1127 4553 nec
1139 4504 1224 4554 christi
1236 4506 1357 4570 promissa
1368 4504 1512 4553 estunarent

444 4582 564 4646 apostolis
574 4589 672 4631 tautum
684 4598 738 4631 esse
751 4581 877 4646 promissa,
891 4581 985 4631 utiliter
997 4580 1092 4630 addidit
1104 4581 1198 4631 dicens.

379 4659 444 4708 Lat.
459 4660 495 4708 ix.
517 4659 548 4707 Et
567 4659 646 4708 omnis
663 4659 706 4723 qui
723 4660 841 4722 relinquit
863 4658 966 4707 domum
983 4669 1024 4707 aut
1042 4659 1128 4709 iratres
1144 4669 1169 4709 et
1188 4677 1283 4711 sorores
1305 4669 1405 4727 propter
1424 4676 1515 4709 norrun

448 4752 529 4785 meum
541 4738 686 4801 centuplum
698 4738 803 4802 accipiet
816 4747 840 4786 et
853 4736 930 4785 vitam
942 4745 1054 4785 eternam
1065 4737 1208 4801 possidebit.

354 4813 368 4846 ¹⁹
384 4816 442 4863 Sar.
457 4814 482 4863 i'u
498 4828 555 4876 414.
915 4823 926 4846 ί
943 4814 1001 4863 Sor.
1016 4813 1040 4863 ii.
1055 4826 1111 4877 429.
