3600 5834
648 772 705 822 DE
719 771 866 824 smero
885 772 1026 824 THOMA.
1395 767 1442 834 167

239 920 350 986 Lectio
379 922 426 985 iii.
466 922 688 989 Consecratus
711 926 800 988 enirn
832 934 968 1009 repente
999 934 1146 988 mutatus
1170 923 1250 1008 [est]
1276 922 1311 988 in
1334 921 1438 988 alium

329 1009 454 1073 virum:
480 1009 567 1073 clam
588 1010 731 1075 cilicium
755 1012 869 1077 induit.
916 1011 1032 1076 Sciens
1048 1033 1126 1076 vero
1148 1011 1266 1074 beatus
1289 1010 1440 1074 Thomas

330 1116 366 1159 se
389 1097 549 1161 cultorem
573 1098 719 1180 positum
736 1100 769 1161 in
791 1121 872 1182 agro
894 1099 1073 1172 dominico,
1089 1099 1122 1162 in
1138 1098 1234 1162 vinea
1256 1096 1441 1175 custodem,

331 1193 497 1265 pastorem
515 1184 548 1246 in
565 1184 667 1247 caulis
683 1186 900 1250 ministerium
918 1187 981 1249 sibi
997 1185 1155 1250 traditum
1171 1184 1359 1267 complevit.

241 1271 284 1341 B.
308 1269 411 1352 Lapis
425 1271 486 1333 iste
496 1291 557 1334 sex
567 1272 663 1334 annis
679 1273 838 1350 tunditur,
854 1272 910 1337 Sic
926 1271 1049 1356 politur
1063 1273 1110 1335 sic
1124 1271 1270 1355 quadrus
1283 1269 1440 1348 redditur,

332 1356 445 1420 Minus
457 1357 578 1421 cedens
592 1379 660 1440 quo
675 1362 782 1443 magis
796 1361 930 1424 ceditur.

241 1443 284 1506 ff.
309 1442 438 1506 Aurum
461 1443 579 1507 fornax
596 1446 714 1527 probat
738 1468 797 1509 nec
820 1448 943 1510 uritur:
968 1448 1099 1511 Domus
1122 1443 1217 1509 firma
1243 1445 1350 1510 ventis
1372 1464 1440 1507 non

331 1532 485 1611 quatitur.
533 1533 654 1595 Minus.
701 1532 828 1615 [Gloria
849 1534 944 1616 patri.
990 1533 1126 1616 Minus]

655 1716 698 1780 In
712 1719 847 1782 secundo
861 1729 1021 1784 nocturno.

240 1856 322 1920 Ant.
348 1858 418 1920 Nec
434 1859 467 1921 in
483 1879 629 1941 agnos...
892 1863 949 1926 Ps.
973 1862 1058 1927 Cum
1076 1863 1270 1926 invocarem.

241 1943 323 2007 Ant.
348 1945 475 2008 Exulat
490 1949 579 2010 vir...
894 1949 952 2012 Ps.
975 1949 1095 2013 Verba.

241 2031 322 2093 Aut.
346 2031 590 2108 Exulantes†...
890 2036 947 2100 Ps.
972 2035 1117 2099 Domine
1133 2035 1289 2099 dominus
1305 2043 1425 2098 noster.

374 2117 415 2195 Y.
440 2121 581 2183 Posuisti
598 2121 741 2185 domine.
1166 2128 1169 2132 ’

242 2252 351 2316 Lectio
368 2254 426 2317 iv.a
452 2254 535 2318 lnde
550 2257 641 2336 gravi
658 2256 998 2338 questione...exegit.

242 2342 281 2412 R.
306 2341 386 2403 Post
412 2363 472 2404 sex
498 2363 603 2404 annos
637 2343 721 2406 redit
748 2344 993 2424 irrefragabilisl
1020 2344 1098 2405 dare
1129 2352 1214 2406 terre
1246 2342 1361 2404 testes²
1384 2360 1443 2404 vas

330 2427 462 2510 fragilis³
479 2427 611 2492 Christo
627 2431 713 2492 vasis
728 2430 919 2494 thesaurum
937 2430 1054 2493 fictilis.

241 2515 281 2577 W.
305 2514 359 2576 Ne
389 2517 431 2578 sit
461 2515 547 2598 lupis
578 2516 680 2598 preda
709 2537 792 2599 grex
822 2517 965 2594 humilis,
981 2539 1017 2580 se
1044 2537 1104 2598 pro
1130 2535 1230 2599 grege
1250 2513 1310 2578 dat
1332 2523 1446 2596 pastor

330 2602 457 2664 nobilis.
502 2603 674 2685 [Christo]

241 2685 350 2749 Lectio
366 2710 393 2750 u.
420 2689 564 2772 Negavit
580 2691 950 2753 constanter...iniuriis

242 2774 284 2855 Rt.
310 2774 366 2836 Ex
382 2779 566 2839 summa³...
873 2776 915 2854 ll.
940 2774 1235 2842 Concurrit...Sed.

242 2861 349 2924 Lectio
364 2863 406 2924 vi.
430 2862 582 2926 Tandem
601 2863 700 2944 igitur
716 2873 822 2926 morte
835 2864 999 2928 intentata
1011 2875 1044 2926 et
1060 2862 1243 2945 personalis
1259 2861 1444 2944 persecutio

329 2949 512 3026 videbatur,
535 2952 662 3013 censuit
685 2950 871 3013 cedendum
895 2972 969 3014 esse
992 2950 1125 3013 malitie.
1175 2950 1284 3013 Actus
1306 2968 1387 3030 ergo
1411 2949 1443 3009 in

329 3035 467 3098 exilium
491 3057 511 3098 a
533 3037 671 3100 domino
688 3038 885 3100 Alexandro
909 3059 996 3120 papa
1019 3037 1152 3099 senonis
1174 3034 1353 3098 honorifice
1375 3056 1445 3098 sus-

330 3133 445 3204 ceptus
475 3131 526 3186 est
555 3133 589 3186 et
619 3123 652 3186 in
684 3125 884 3187 monasterio
915 3122 1156 3207 pontiniacensi
1181 3122 1330 3186 studiose
1356 3141 1445 3185 com-

331 3209 516 3273 mendatus.

244 3300 284 3370 R.
302 3295 393 3359 lacet
404 3316 586 3378 granum...
633 3296 955 3363 MCaditcustos...
1003 3297 1130 3362 Celum.
1154 3295 1291 3379 [Gloria.
1304 3294 1445 3378 Celum.]

677 3484 719 3547 In
735 3485 828 3548 tertio
843 3496 1003 3549 nocturno.

244 3605 324 3669 Ant.
349 3605 515 3672 Satane...
864 3610 921 3673 Ps.
948 3611 985 3673 ln
1002 3608 1140 3672 domino
1154 3603 1309 3678 confido,

244 3693 324 3756 Ant.
349 3692 519 3758 Strictis...
861 3696 919 3758 Ps.
944 3697 1089 3759 Domine
1104 3695 1186 3778 quis

245 3780 324 3844 Ant.
350 3781 450 3844 Hosti
467 3781 585 3864 pandit
600 3783 722 3846 ostium
739 3783 848 3846 hostia
862 3783 1000 3847 futurus

354 3867 400 3930 Et
415 3889 475 3949 pro
490 3870 593 3932 domo
608 3869 736 3933 domini
751 3881 819 3933 stat
835 3871 867 3933 in
880 3870 992 3934 hostes
1005 3889 1125 3934 murus.
1169 3868 1226 3932 Ps.
1253 3864 1401 3931 Domine
1413 3864 1446 3927 in

1318 3953 1449 4017 virtute.

245 4036 289 4116 )7.
314 4041 425 4104 lustus
440 4051 477 4105 ut
492 4042 614 4125 palma.

310 4183 322 4208 ¹
339 4177 366 4226 H
378 4177 424 4227 has

375 4255 458 4305 Lectio
469 4255 503 4305 iv.
524 4256 658 4321 Negauit.
678 4293 685 4307 .
705 4294 712 4307 .
733 4258 840 4308 malicie.

375 4333 456 4382 Lectio
477 4350 501 4383 o.
520 4334 624 4384 Actus.
645 4371 652 4384 .
671 4371 678 4384 .
698 4337 824 4399 cognatio.

374 4410 503 4461 Lectr'ovi.
523 4411 620 4462 Omnes
630 4412 710 4462 eciam
727 4449 733 4462 .
754 4449 760 4462 .
781 4449 787 4463 .
808 4413 955 4464 inflecteret.

344 4486 378 4535 W
390 4487 434 4536 has

375 4565 503 4614 Iaectioiv.
523 4565 635 4615 Affectus
646 4574 683 4615 est
700 4603 707 4616 .
727 4603 734 4616 .
755 4603 762 4617 .
781 4566 979 4617 commendatus.
1040 4631 1046 4643 .

374 4643 458 4692 Lectio
479 4659 503 4692 v.
523 4641 699 4693 confiscantur
716 4681 722 4694 .
742 4681 749 4694 .
770 4681 776 4694 .
796 4643 944 4707 relegantur.

372 4721 456 4770 Lectr'o
467 4721 502 4770 vi.
522 4721 591 4770 Nam
602 4729 627 4770 et
638 4737 712 4771 senes
728 4758 734 4772 .
753 4758 759 4772 .
780 4758 787 4772 .
808 4722 956 4773 inflecteret.

390 4833 402 4866 ¹
419 4835 482 4886 HW
492 4834 531 4887 uir
541 4835 646 4886 stabilis
773 4835 784 4867 ²
801 4837 863 4886 lIW
875 4845 945 4888 teste.
1056 4835 1068 4869 ⁸
1084 4838 1172 4889 Pcum
1182 4834 1298 4888 redemit.
