3600 5834
551 698 674 749 SEXTA
691 696 763 748 DIE
778 699 803 747 A
821 695 874 748 ΝΑ
880 697 920 748 TI
924 697 1009 748 VITA
1015 696 1065 747 TE
1079 697 1232 749 DOMINI.
1449 708 1495 762 175

383 851 539 936 Quenam
569 872 649 936 ergo
671 861 836 933 suntque
858 850 901 915 de
923 848 1061 934 parvulo
1083 850 1153 915 iesu
1177 850 1266 914 sama
1288 850 1497 934 disperserat.

379 943 420 1013 R.
444 939 569 1004 Sancta
584 950 617 1003 et
633 937 854 1002 immaculata.

291 1026 402 1091 Lectio
417 1026 460 1089 ix.
484 1027 636 1089 Pastores
651 1034 746 1089 erant
761 1026 805 1087 in¹
824 1025 959 1110 regione
974 1024 1030 1088 illa
1041 1024 1217 1107 vigilantes
1232 1033 1266 1087 et
1281 1024 1498 1088 observantes

381 1111 523 1196 vigilias²
546 1113 653 1177 noctis
683 1132 783 1194 super
812 1132 948 1194 gregem
971 1132 1069 1175 suum
1092 1113 1249 1192 venitque
1271 1111 1409 1194 angelus
1432 1113 1494 1176 sub

381 1200 453 1282 ipsa
475 1200 557 1262 hora
579 1199 763 1262 nativitatis
786 1199 855 1261 iesu
879 1207 913 1261 et
935 1198 978 1262 ad
1002 1219 1059 1261 eos
1081 1196 1150 1262 ait³
1195 1198 1370 1262 Annuntio
1401 1199 1498 1262 vobis

380 1287 539 1370 gaudium
571 1305 740 1368 magnum.
803 1287 854 1349 Ite
891 1294 925 1349 et
963 1285 1138 1349 invenietis
1175 1285 1337 1349 infantem
1375 1286 1498 1369 pannis

380 1374 566 1437 involutum
583 1383 617 1436 et
632 1373 777 1455 positum
794 1372 826 1436 in
844 1372 1005 1455 presepio.

290 1465 331 1535 R.
353 1462 502 1525 Verbum
519 1480 603 1526 caro.

290 1548 350 1612 Ps.
366 1547 416 1611 Te
432 1548 542 1611 deum.
738 1539 741 1545 ’
874 1548 915 1610 V.
940 1547 1017 1630 Ipse
1034 1545 1199 1610 invocavit
1214 1544 1323 1629 [me].a

762 1808 807 1871 Iu
832 1820 1028 1873 tnumssus

292 1971 374 2034 Ant.
392 1967 502 2051 Quem
519 1969 656 2032 uidistis.
893 1970 951 2033 Ps.
975 1970 1141 2033 Dominus
1163 1970 1322 2053 regnavit.

293 2057 452 2120 Etcetara
465 2057 637 2138 antiphone
657 2076 728 2119 cunr
750 2055 822 2120 suis
831 2057 975 2139 psalnn's
996 2067 1155 2139 utsupra
1177 2058 1212 2119 in
1234 2057 1288 2119 die
1309 2056 1499 2120 rraiiuitotis

380 2143 513 2206 dorniru'.

296 2229 490 2311 Capitulum.
515 2229 651 2311 Quanto
667 2230 874 2312 temporeb...

297 2318 458 2399 Hymnus.
482 2317 515 2380 A
532 2318 611 2379 solis
625 2329 717 2379 ortus
733 2318 875 2379 cardine.
963 2319 1003 2381 Il.
1019 2317 1221 2381 Benedictus
1236 2316 1293 2398 qui
1309 2317 1408 2380 venit.

294 2405 376 2467 An't.
401 2404 505 2467 Erant
521 2404 636 2486 ioseph
652 2411 686 2465 et
710 2404 813 2466 maria
837 2412 944 2467 mater
965 2404 1034 2467 iesu
1057 2405 1213 2468 mirantes
1236 2424 1335 2487 super
1356 2404 1407 2466 his
1430 2423 1499 2484 que

382 2490 576 2554 dicebantur
591 2491 633 2552 de
649 2489 713 2553 illo.
974 2492 1031 2554 Ps.
1055 2490 1264 2555 Benedictus

298 2576 421 2642 Oratio.
438 2578 662 2659 Omnipotens
676 2577 877 2659 sempiterne
893 2576 976 2641 deus
991 2577 1105 2661 dirige.

295 2665 438 2744 Require
452 2674 551 2744 supra
565 2674 597 2726 ct
610 2664 736 2726 di'ccuir
748 2663 797 2726 ad
807 2684 915 2727 omnes
928 2664 1033 2727 Iroras.

295 2750 462 2813 Memoria
476 2748 514 2811 de
530 2749 566 2813 S.
583 2750 751 2831 Stephano.
774 2751 856 2813 Ant.
881 2752 989 2833 Impii.
1012 2753 1052 2812 Il
1065 2750 1212 2813 etoratro
1228 2760 1385 2833 utsupra.

296 2836 349 2899 De
365 2836 401 2900 S.
415 2834 566 2899 Iolzanna
589 2838 620 2899 A
626 2847 670 2900 nt.
694 2838 762 2899 Iste
777 2845 829 2900 est
847 2838 1021 2901 lohannes.
1044 2840 1082 2899 Il
1097 2848 1129 2901 et
1141 2838 1244 2901 aratro
1260 2847 1298 2901 ut
1310 2848 1417 2919 supra

297 2923 350 2987 Da
365 2923 595 2988 Innocentibus.
619 2925 648 2986 A
654 2933 697 2987 nt.
723 2924 769 2986 Hi
786 2933 871 2987 sunt.
893 2926 933 2986 il
948 2925 1095 2987 eiuratio
1111 2935 1268 3006 utsupra.

298 3009 351 3072 Da
365 3010 401 3074 S.
419 3010 552 3073 Titania.
567 3011 648 3073 Ant.
672 3010 782 3092 Opem
800 3011 904 3074 nobis.
926 3013 966 3072 Il
984 3013 1094 3075 Iustus
1110 3021 1147 3074 ut
1163 3011 1298 3093 palma.c
1332 3010 1446 3076 Oratio
1462 3021 1501 3073 ut

381 3108 489 3179 supra.
535 3096 584 3160 Et
597 3107 674 3160 turre
689 3097 781 3160 rrulla
788 3098 860 3181 fiat
873 3099 1030 3162 retentoria
1044 3099 1083 3161 da
1098 3097 1300 3161 nativitate.d
1507 3107 1512 3114 ’

776 3355 838 3420 Ab
863 3371 1021 3423 ruruau.

297 3511 348 3576 Et
360 3510 409 3575 ad
419 3531 528 3574 ornnes
541 3510 629 3573 aleas
642 3508 741 3573 Iraras
755 3511 927 3592 antiphone
941 3533 1012 3574 cum
1023 3512 1233 3594 responsoriis
1243 3522 1274 3574 et
1287 3512 1454 3575 araruiculis
1465 3522 1505 3574 ut

387 3597 422 3662 in
436 3599 491 3661 dz'e
506 3597 697 3660 nativitatis
711 3597 841 3661 donu'ni
855 3599 1012 3663 donantur
1024 3619 1096 3662 cum
1112 3599 1263 3681 capitulis
1276 3597 1504 3681 sequentibuss·

771 3881 832 3945 Ar>
855 3893 1033 3946 rancrnu.

301 4031 495 4117 Capitulum.
519 4032 657 4117 Quanto
672 4042 830 4115 tempore.

364 4320 377 4346 ⁸
393 4313 426 4362 W
437 4311 548 4362 Verbum
560 4327 627 4362 caro.
803 4308 816 4344 b
832 4312 891 4360 Sar.
906 4309 922 4361 i.
937 4310 994 4373 264.
1180 4317 1191 4343 ⁶
1210 4309 1236 4359 H
1249 4309 1331 4360 Iustus
1342 4309 1500 4375 germinabit.
1524 4315 1527 4320 '

366 4389 380 4423 ‘¹
397 4387 433 4442 0²
444 4391 503 4440 Hoc
515 4386 710 4441 reseruandum†
720 4396 757 4438 est
769 4388 840 4438 sesus
851 4396 993 4439 sanctorum
1010 4402 1158 4452 perannum
1174 4388 1242 4454 quod
1259 4388 1360 4453 quando
1376 4387 1505 4437 dominica

301 4467 364 4517 inira
383 4475 484 4518 octauas
498 4483 585 4518 eorum
607 4466 718 4517 euenerit
733 4482 831 4530 semper
846 4467 893 4516 sub
910 4482 960 4516 una
976 4464 1115 4531 antiphona
1129 4464 1245 4515 dicuntur
1262 4465 1372 4530 psalmus
1386 4464 1456 4515 Deus
1473 4466 1503 4512 in

299 4546 400 4596 nonrine
410 4554 436 4596 et
448 4547 557 4611 psalmus
571 4545 719 4609 Quicunque
730 4544 795 4594 rrult.

363 4630 375 4656 ⁸
392 4624 420 4673 H
431 4624 501 4690 gives
510 4623 584 4673 fuller
594 4637 660 4673 oues.

428 4762 535 4815 ¹11de.
745 4759 945 4817 ’Heusrodian
1001 4795 1004 4800 ·
1118 4759 1370 4828 wttuansposea
