3600 5834
355 611 386 663 32
625 598 673 647 IN
690 598 838 647 NATALI
865 598 981 650 UNIUS
1005 597 1281 649 EUANGELISTE.

356 753 541 815 Secundum
556 752 662 814 lucam
677 750 795 813 decinro
810 751 948 833 capitulo

360 841 398 903 In
416 841 472 903 illo
487 851 638 922 tempore
655 839 893 920 Designavit...
912 839 982 921 ipse
998 848 1163 902 venturus
1195 848 1229 901 et
1245 838 1379 919 reliqua.

359 1032 486 1096 Omelia
501 1032 588 1096 beati
593 1030 743 1114 gregorii
750 1041 832 1113 pape
846 1031 885 1094 de
899 1031 1008 1093 eadem
1024 1031 1152 1095 lectione

357 1226 524 1289 Dominus
550 1235 583 1288 et
609 1223 755 1286 salvator
789 1232 908 1298 noster,
937 1223 1051 1285 iratres
1086 1223 1254 1300 carissimi,
1287 1222 1467 1305 aliquando
1495 1242 1556 1284 nos

443 1312 651 1375 sermonibus
676 1311 855 1391 aliquando
871 1332 948 1373 vero
972 1310 1127 1392 operibus
1154 1312 1321 1373 admonet.
1371 1311 1449 1391 Ipsa
1465 1310 1555 1371 enlm

445 1399 532 1461 iacta
548 1400 617 1460 eius
634 1409 789 1480 precepta
805 1407 898 1460 sunta
914 1398 992 1479 quia
1007 1399 1087 1460 dum
1103 1397 1227 1478 aliquid
1244 1398 1364 1460 tacitus
1380 1397 1458 1459 iacit
1474 1397 1557 1477 quid

445 1506 543 1567 agere
558 1486 739 1547 debeamus
755 1485 939 1547 innotescit.
1107 1484 1180 1546 *Tu
1197 1493 1308 1547 autem
1324 1481 1503 1546 domine**

358 1577 390 1646 R
413 1572 498 1637 Cum
515 1574 737 1653 aspicerem...
869 1573 909 1631 ff
925 1570 1094 1653 Aspectus
1314 1570 1357 1634 Et
1374 1591 1480 1632 una...

359 1660 466 1722 Lectio
482 1660 571 1722 viiia
595 1658 682 1740 Quia
698 1659 786 1720 enim
803 1667 881 1720 sunt
896 1658 964 1720 duo
980 1667 1135 1739 precepta
1158 1658 1303 1720 caritatis
1319 1658 1372 1720 dei
1388 1656 1556 1719 videlicet¹

446 1767 540 1809 amor
555 1756 587 1807 et
604 1746 747 1827 proximi
763 1756 797 1808 et
814 1746 924 1807 minus
948 1764 1049 1825 quam
1078 1746 1162 1805 inter
1186 1745 1282 1806 duos²
1297 1746 1416 1806 caritas
1442 1743 1556 1805 haberi

446 1854 512 1895 non
530 1843 648 1915 potest.
692 1832 802 1894 Nemo
818 1833 907 1893 enim
925 1832 1056 1913 proprie
1071 1833 1114 1894 ad
1130 1832 1275 1913 seipsum
1292 1832 1411 1893 dicitur
1435 1830 1557 1893 habere

447 1921 633 1981 caritatem³
648 1920 705 1981 sed
723 1919 900 1981 dilectione
916 1939 952 1980 se
969 1919 1001 1979 in
1018 1920 1158 1980 alterum
1175 1918 1283 1981 tendit
1299 1928 1336 1981 ut
1350 1937 1422 1979 esse
1437 1918 1557 1979 caritas

448 2008 561 2088 possit.

360 2093 550 2166 &Statura
566 2102 676 2156 erat...
809 2093 848 2153 V
866 2093 928 2154 Per
944 2100 1114 2173 quattuore
1246 2091 1292 2154 Et
1307 2100 1502 2173 aspectus..

726 2439 811 2489 penne
837 2422 990 2487 singulorum
1016 2422 1183 2486 iungebantur
1202 2432 1227 2473 et
1243 2424 1294 2473 due
1313 2426 1432 2489 tegebant
1458 2442 1561 2491 corpora

726 2519 811 2551 eorum
821 2520 828 2551 ε
840 2511 866 2550 et
877 2516 954 2549 unum
966 2501 1082 2564 quodque
1091 2517 1175 2550 eorum
1188 2518 1269 2550 coram
1282 2502 1344 2551 facie
1352 2519 1397 2551 sua
1405 2504 1557 2554 ambulabat.

726 2581 779 2630 Ubi
791 2590 843 2629 crat
853 2578 953 2643 spiritus
965 2578 1071 2643 impetus
1082 2579 1139 2629 illue
1150 2580 1326 2644 gradiebantur
1343 2596 1389 2630 nec
1401 2582 1560 2631 reverteban-

726 2669 764 2706 tur
776 2673 831 2706 cum
843 2656 1006 2706 ambularent.

556 2737 638 2785 Lectio
649 2737 683 2785 iv.
709 2736 852 2786 Similitudo
860 2735 1006 2784 animalium
1015 2745 1040 2784 et
1049 2744 1163 2799 aspectus
1174 2751 1258 2784 eorum
1269 2737 1338 2799 quasi
1351 2737 1486 2785 carbonum
1496 2738 1562 2802 ignis

725 2814 865 2862 ardentium
882 2822 909 2861 et
928 2812 997 2876 quasi
1017 2820 1131 2877 aspectus
1151 2812 1327 2876 lampadarum.
1365 2815 1423 2864 Hec
1435 2827 1487 2864 erat
1499 2818 1563 2866 visio

723 2891 864 2940 discurrens
876 2891 902 2939 in
914 2890 999 2939 medio
1009 2900 1113 2954 quatuor
1124 2890 1269 2939 animalium
1280 2891 1399 2954 splendor
1410 2892 1475 2955 ignis
1487 2904 1512 2942 et
1529 2895 1562 2943 de

727 2969 785 3032 igne
798 2968 878 3032 fulgur
897 2968 1036 3031 egrediens.
1074 2968 1107 3016 Et
1116 2968 1234 3017 animalia
1254 2969 1325 3018 ibant
1336 2979 1361 3017 et
1373 2972 1561 3021 revertebantur

725 3047 752 3093 iu
764 3045 957 3095 similitudinem
969 3044 1070 3108 fulguris
1081 3043 1258 3096 choruscantis.

554 3124 636 3173 Lectio
647 3140 670 3173 v.
707 3124 771 3173 Cum
791 3124 927 3187 repicerem
946 3122 1072 3181 animalia,
1087 3124 1200 3186 apparuit
1228 3131 1282 3172 rota
1301 3138 1351 3173 una
1369 3141 1443 3189 super
1470 3135 1560 3176 terram

726 3200 795 3250 iuxta
806 3201 924 3249 animalia
937 3199 1031 3249 habens
1049 3211 1154 3263 quatuor
1173 3201 1266 3250 facies:
1285 3212 1310 3250 et
1322 3214 1435 3266 aspectus
1453 3214 1561 3253 rotarum

727 3289 752 3327 ct
764 3296 826 3343 opus
838 3295 922 3327 earum
941 3279 1011 3343 quasi
1031 3279 1095 3326 visio
1114 3278 1206 3327 maris:
1225 3290 1248 3327 et
1261 3296 1311 3328 una
1320 3280 1459 3330 similitudo
1476 3298 1561 3331 carum

724 3367 830 3421 quatuor
841 3367 866 3405 et
877 3366 992 3419 aspectus
1004 3371 1088 3404 earum
1100 3365 1125 3404 et
1136 3372 1211 3420 opera
1222 3358 1290 3420 quasi
1299 3359 1320 3406 si
1329 3359 1360 3406 sit
1373 3368 1427 3407 rota
1438 3359 1462 3406 in
1476 3360 1561 3408 medio

725 3442 786 3483 rote.
817 3436 864 3483 Per
874 3444 980 3498 quatuor
990 3442 1072 3496 partes
1084 3448 1168 3482 earum
1180 3444 1267 3482 euntes
1279 3435 1366 3483 ibant:
1380 3445 1405 3484 et
1415 3450 1468 3484 non
1480 3453 1560 3486 rever·

727 3512 844 3560 tebantur
854 3528 911 3561 eum
923 3511 1087 3560 ambularent.

556 3589 635 3637 Lectis
646 3589 681 3637 ai.
708 3588 808 3638 Statura
827 3605 924 3653 quoque
943 3598 995 3637 erat
1013 3588 1073 3637 rotis
1092 3597 1117 3636 et
1136 3587 1242 3637 altitudo
1261 3588 1383 3639 horribilis
1403 3601 1517 3654 aspectus
1536 3602 1562 3643 et

728 3676 807 3715 totum
824 3683 913 3730 eorpus
934 3666 1034 3729 plenum
1054 3665 1133 3714 oculis
1153 3667 1178 3714 in
1199 3667 1302 3715 circuitu
1321 3668 1428 3730 ipsarum
1447 3680 1559 3732 quatuor.

728 3746 792 3793 Cum
804 3744 960 3792 ambularent
972 3742 1090 3791 animalia
1108 3743 1269 3792 ambulabant
1290 3744 1380 3807 pariter
1391 3755 1416 3793 ct
1428 3757 1480 3794 rote
1493 3747 1562 3796 iuxta

728 3837 765 3869 ea
810 3821 919 3869 Etcum
947 3820 1103 3869 elevarentur
1129 3820 1247 3869 animalia
1264 3821 1297 3870 de
1317 3832 1381 3870 terra
1400 3822 1562 3873 elevabantur

726 3899 800 3948 simul
813 3909 838 3947 et
850 3908 910 3947 rote.
947 3898 1102 3961 Quocunque
1120 3899 1170 3947 ibat
1190 3899 1298 3961 spiritus,
1312 3900 1370 3948 illuc
1382 3911 1457 3949 eunte
1474 3903 1561 3965 spiritu

728 3987 754 4025 et
765 3988 818 4025 rote
836 3977 928 4041 pariter
947 3976 1094 4024 levabantur
1112 3986 1244 4040 sequentes
1263 3993 1329 4026 eum.
1366 3979 1472 4042 Spiritus
1492 3981 1561 4029 enim

726 4054 778 4103 vite
790 4064 841 4102 erat
854 4054 879 4102 in
891 4054 958 4103 rotis.

428 4143 440 4167 ⁸
457 4134 491 4183 W
502 4134 565 4183 ends
577 4132 642 4182 here.

428 4213 440 4245 δ
458 4214 484 4261 Η
497 4213 559 4261 adds
570 4222 594 4260 at
608 4211 649 4259 the
660 4210 800 4272 beginning
820 4209 887 4257 Ecce
905 4208 973 4257 enim
991 4207 1064 4256 binos
1084 4208 1109 4257 in
1130 4209 1300 4272 predicatione
1318 4210 1453 4275 discipulos
1472 4213 1557 4263 mittit.

363 4291 423 4340 then
436 4291 502 4354 Quia
513 4290 580 4338 enim
593 4290 643 4336 duo
652 4296 716 4336 sunt.
763 4288 796 4334 W
808 4287 895 4349 begins
908 4286 974 4349 Quia
984 4287 1044 4336 dum
1055 4286 1149 4351 aliquid
1160 4288 1210 4336 and
1221 4303 1282 4351 goes
1293 4304 1325 4336 on
1338 4288 1388 4338 like
1402 4290 1459 4340 H...
1472 4292 1557 4342 mittit.

428 4377 438 4398 ‘
456 4368 489 4415 W
500 4367 574 4415 omits
586 4366 631 4414 last
644 4376 693 4414 two
705 4365 785 4413 words
796 4379 853 4413 curn
865 4365 1027 4413 ambularent.

429 4602 436 4634 ¹
455 4605 481 4653 H
495 4613 519 4654 et
531 4620 605 4653 amor.
1035 4596 1046 4628 ²
1064 4601 1125 4650 WH
1140 4599 1225 4650 haberi
1234 4602 1328 4651 caritas

426 4670 437 4703 ⁸
455 4671 481 4719 H
492 4671 524 4719 W
536 4679 662 4732 transpose
673 4666 770 4716 dicittu.
