3600 5834
496 754 553 803 cn
570 752 768 803 nlAnrl'Rls
786 752 929 803 Novar!
945 751 1178 804 cacrionmu.
1404 762 1436 814 77

669 957 712 1022 In
720 958 831 1040 prim
847 965 1006 1022 nocturno.

234 1098 318 1160 Ant.
343 1097 434 1159 Ante
450 1095 638 1159 thoruma...
819 1095 872 1158 Ps.
897 1095 1042 1158 Domine
1058 1095 1213 1158 dominus
1230 1105 1348 1161 noster.

235 1186 318 1247 Ant.
344 1183 375 1247 Ο
392 1204 492 1265 quam
510 1182 686 1265 pulchra...
816 1180 873 1245 Ps.
898 1182 968 1246 Ccli
984 1193 1145 1245 enarrant

236 1271 318 1334 Ant.
344 1270 563 1353 Unguentum
579 1270 762 1332 effusum...
814 1268 870 1332 Ps.
895 1270 1032 1332 Domini
1049 1281 1099 1333 est
1114 1280 1207 1333 terra.

326 1355 360 1434 57
386 1356 515 1419 Diffusa
530 1367 581 1419 est
596 1356 709 1439 gratia

235 1444 343 1507 Lectio
359 1444 379 1506 i.
407 1443 642 1506 Immaculatus
654 1443 809 1504 dominus
821 1442 1069 1505 immaculatam
1081 1444 1142 1505 sibi
1156 1443 1313 1507 famulam
1325 1443 1433 1527 elegit.

326 1530 436 1593 Etiam
453 1532 485 1593 in
502 1532 565 1593 hoc
580 1530 680 1612 pleno
694 1530 915 1592 colluvionum
941 1530 1124 1613 fragilitatis
1140 1531 1284 1593 humane
1300 1551 1435 1614 corpore

324 1618 536 1693 consecravit,
551 1637 626 1679 cum
644 1618 675 1678 in
692 1626 764 1679 toto
777 1617 902 1678 mundo
916 1617 1049 1699 virginis
1061 1617 1121 1679 flos
1134 1619 1235 1680 marie
1248 1618 1435 1681 immarces-

325 1704 430 1766 cibilis
447 1706 513 1766 uite
529 1724 667 1766 coronas
690 1704 836 1766 innectat
859 1713 893 1766 et
909 1702 1142 1787 septrigeram’s
1159 1705 1300 1787 pudoris
1323 1705 1433 1768 aulam

326 1791 539 1853 immaculato
554 1801 726 1853 conservet
744 1789 872 1853 aflectu.

235 1877 427 1958 RtDiflusa
442 1888 493 1941 est
510 1878 657 1961 gratia...
791 1875 823 1952 ll
848 1876 1046 1942 Dilexisti...
1180 1878 1365 1960 Propterea.

236 1965 344 2028 Lectio
360 1966 393 2027 ii.
419 1964 542 2028 Sancta
566 1959 694 2049 [igitur]
719 1963 779 2026 hec
796 1964 962 2047 *virgo,“
979 1965 1102 2041 fratres,
1118 1964 1211 2045 cujus
1227 1966 1325 2028 hodie
1342 1975 1434 2028 nata-

325 2051 399 2114 licia
413 2051 626 2127 celebramus
639 2051 720 2112 mori
737 2071 796 2132 pro
808 2051 946 2112 domino
957 2071 1022 2113 non
1040 2052 1201 2134 potuisset
1214 2048 1277 2136 [in]
1291 2072 1435 2134 corpore,

324 2140 351 2200 si
382 2139 514 2221 spiritus
545 2160 565 2201 a
595 2139 732 2201 terrenis
762 2137 933 2200 desideriis
972 2149 1120 2201 mortuus
1157 2159 1223 2201 non
1257 2139 1369 2202 fuisset
1401 2141 1432 2201 in

325 2236 445 2288 mente.
490 2227 628 2289 Erectus
651 2245 795 2305 namque
818 2226 850 2286 in
875 2225 1002 2286 virtutis
1024 2225 1167 2287 cuimine
1190 2226 1319 2288 animus
1338 2226 1435 2307 hujus

325 2324 438 2374 sancte
455 2313 599 2374 mulieris
616 2321 781 2374 tormenta
796 2311 919 2386 derisit,
936 2312 1060 2392 premia
1075 2312 1221 2374 calcavit.

238 2399 662 2482 &Propterveritatem...
752 2396 900 2474 VAudi
918 2397 1025 2460 filia...
1116 2400 1160 2462 Et
1176 2398 1325 2462 deducet.

237 2486 345 2549 Lectio
361 2487 410 2550 iii.
434 2485 557 2550 Sancta
580 2487 649 2562 hec,
665 2485 787 2560 fratres,
803 2494 879 2547 ante
899 2505 992 2565 reges
1008 2494 1042 2548 et
1058 2485 1203 2568 presides
1220 2486 1319 2549 ducta
1335 2487 1434 2563 stetit,

326 2574 461 2636 feriente
484 2573 654 2648 robustior,
674 2572 844 2652 judicante
867 2570 1045 2634 sublimior.
1091 2572 1180 2654 Quid
1199 2573 1282 2635 inter
1298 2575 1357 2635 hec
1374 2593 1434 2634 nos

326 2660 453 2722 barbati
477 2669 511 2722 et
533 2657 658 2721 debiles
681 2660 799 2721 dicturi
822 2679 936 2722 sumus
959 2659 1014 2739 qui
1041 2659 1085 2721 ire
1108 2659 1151 2721 ad
1174 2660 1308 2721 celestia
1331 2680 1433 2743 regna

329 2745 473 2828 puellam
490 2767 548 2829 per
564 2747 683 2810 ferrum
699 2745 858 2807 videmus.

239 2834 274 2915 W
298 2832 384 2896 Veni
400 2834 505 2896 electa
521 2854 595 2896 mea
610 2843 643 2895 et
659 2853 782 2915 ponam
805 2842 838 2894 te
861 2832 893 2894 in
917 2831 1072 2895 thronum
1089 2852 1209 2910 meum,
1223 2834 1301 2914 qula
1316 2853 1435 2896 concu-

329 2921 410 3001 pivit
427 2942 485 2983 rex
503 2921 646 3002 speciem
663 2930 764 2982 tuam.

240 3005 273 3083 ll
297 3005 414 3089 Specie
430 3019 488 3070 tua
511 3018 544 3069 et
561 3006 803 3089 pulchritudine
826 3014 884 3068 tua
908 3005 1043 3068 intende
1067 3025 1222 3089 prospere
1245 3007 1386 3089 procede
1402 3016 1436 3069 et

329 3115 439 3177 regna
485 3094 580 3177 Quia.

662 3329 705 3394 Iu
720 3329 854 3394 secundo
869 3339 1027 3392 mcturno.

242 3470 322 3534 Ant.
348 3468 464 3552 Specie
477 3477 575 3531 tua...
920 3466 977 3528 Ps.
1002 3464 1179 3528 Eructavit.

243 3561 321 3620 Ant.
347 3556 531 3637 Adjuvabit
547 3574 662 3618 eam...
923 3553 979 3615 Ps.
1004 3554 1096 3614 Deus
1110 3562 1220 3615 noster
1235 3551 1405 3637 refugium.

244 3645 323 3709 Ant.
348 3643 441 3707 Sicut
457 3640 692 3705 letantium...b
920 3640 977 3702 Ps.
1003 3640 1242 3703 Fundamenta.

332 3729 364 3808 Σ]
388 3729 505 3812 Specie
522 3739 587 3791 tua.

243 3817 349 3881 lectio
363 3827 488 3898 quarta.
514 3815 585 3877 Nos
607 3808 715 3897 [ergo]
741 3812 856 3875 iratres
878 3813 906 3874 si
928 3812 1065 3893 adipisci
1089 3834 1191 3896 regna
1213 3811 1357 3876 celorum
1382 3833 1440 3895 per

330 3904 416 3966 bella
439 3901 674 3985 persecutionis
698 3921 763 3962 non
791 3920 974 3982 possumus
993 3900 1054 3961 hoc
1082 3900 1188 3982 ipsum
1213 3901 1307 3962 nobis
1330 3900 1439 3962 timori

330 3992 380 4066 sit,
395 3990 484 4072 quod
501 3990 600 4051 deum
624 3987 776 4049 nolumus
799 4008 857 4069 per
881 4007 996 4069 pacem
1019 3988 1119 4068 sequi.
1166 3988 1252 4049 Ecce
1270 3985 1348 4049 nulli
1366 4008 1440 4049 nos-

329 4089 416 4139 trum
447 4077 531 4139 *hoc
564 4074 757 4157 tempore**
788 4074 866 4136 dicit
898 4075 999 4147 Deus,
1033 4075 1095 4136 Pro
1126 4094 1179 4136 me
1214 4094 1348 4152 morere,
1379 4075 1437 4136 sed

330 4164 441 4227 illicita
465 4172 594 4226 tantum
622 4162 655 4223 in
680 4171 713 4224 te
740 4160 903 4223 desideria
927 4160 1063 4223 occide.c
1108 4159 1173 4243 Qui
1198 4181 1278 4244 ergo
1302 4161 1333 4222 in
1358 4182 1438 4244 pace

329 4252 487 4332 subjicere
515 4248 622 4312 carnis
647 4247 810 4310 desideria
834 4248 997 4324 nolumus,
1019 4249 1188 4329 quomodo
1211 4248 1243 4310 in
1268 4248 1355 4311 bello
1380 4269 1439 4331 pro

331 4340 395 4400 deo
410 4338 516 4420 ipsam
532 4355 664 4398 carnem
681 4337 841 4398 daremus.

242 4424 458 4508 &Dilexisti
475 4424 678 4487 iusticiam...
726 4441 728 4444 ·
809 4419 1005 4503 VPropter
1019 4422 1233 4485 veritatem...
1322 4421 1439 4487 Unxit.

274 4606 286 4631 ⁸
302 4599 374 4648 With
385 4599 427 4648 the
437 4598 522 4648 fourth
536 4595 632 4662 ending
642 4597 671 4646 os
680 4596 723 4647 the
734 4595 818 4646 fourth
829 4603 887 4645 tone
899 4603 944 4645 not
956 4595 998 4645 the
1011 4593 1075 4644 fifth.

276 4674 364 4725 bSar.
378 4677 394 4725 i.
410 4676 486 4726 lxxiii.

280 4754 336 4802 ‘H
350 4754 430 4803 Lectio
441 4756 476 4805 iv.
490 4754 552 4805 ends
562 4753 629 4804 here.
683 4754 764 4803 Lectio
775 4768 798 4801 v.
819 4750 870 4817 Qui
882 4759 1012 4815 ergo...est
1025 4752 1101 4815 prole.
1153 4751 1235 4800 Lectio
1245 4750 1280 4799 vi.
1301 4748 1437 4800 Parturit...

311 4841 412 4883 etatem.
