3600 5834
514 758 727 807 EBDOMADA
746 758 866 807 Puella
884 755 1095 807 ADVENTUS
1110 756 1261 806 DOMINI.
1446 764 1491 818 115

293 908 434 990 Require
448 909 508 971 lias
522 909 715 991 antiphonas
730 912 764 973 in
773 910 929 994 psalterio
937 920 1012 991 post
1027 930 1145 971 nouam
1163 909 1209 992 (p.
1229 909 1273 991 7.)

296 993 481 1076 Capitulum
496 994 635 1077 hymnus
649 1007 681 1059 et
694 998 871 1060 versiculus
886 1007 924 1059 ut
936 997 1087 1079 supra.”

294 1082 373 1145 Ant.
399 1083 489 1146 Leva
505 1084 726 1147 hierusalem.a
914 1084 970 1147 Ps.
995 1084 1202 1147 Benedictus

745 1373 826 1436 ‘An
850 1386 1043 1436 vesperus.

297 1538 376 1599 Aul.
402 1537 441 1599 In
458 1537 605 1600 domum.
919 1538 975 1600 Ps.
1000 1538 1138 1601 Letatus
1155 1556 1240 1599 sum.

297 1624 376 1685 Ant.
401 1623 467 1705 Qui
484 1624 622 1686 habitas
913 1624 968 1685 Ps.
993 1624 1050 1688 Ad
1067 1633 1100 1686 te
1117 1623 1230 1685 levavi.

298 1710 377 1772 Aut.
402 1710 624 1773 Adiutorium.
911 1710 966 1771 Ps.
992 1711 1064 1773 Nisi
1080 1711 1158 1791 quia
1174 1710 1336 1772 dominus,

298 1797 375 1858 Aut.
401 1797 551 1859 Benesac.
912 1796 968 1858 Ps.
992 1796 1058 1877 Qui
1074 1795 1254 1858 confidunt.

298 1884 377 1944 Ant.
403 1883 496 1946 Facti
512 1903 634 1946 sumus,
913 1883 969 1945 Ps.
997 1884 1034 1945 ln
1052 1883 1283 1946 convertenda

298 1969 439 2050 Require
456 1970 515 2031 lens
529 1969 722 2051 aurcioleouas
737 1970 772 2031 iu
780 1970 945 2051 psalterio.
963 1970 1009 2052 (p.
1027 1970 1094 2051 22.)

301 2054 485 2136 Capitulum
503 2057 736 2138 responsorium
745 2077 869 2135 ymnus
883 2067 915 2119 et
928 2057 1104 2119 versiculus
1119 2066 1156 2118 ut
1169 2055 1320 2137 srepra.”

299 2142 378 2204 Ant.
402 2141 540 2224 Querite
555 2144 769 2206 dominum...
918 2144 974 2205 Ps.
1000 2142 1201 2224 Magnificat.

702 2611 848 2673 FERIA
883 2610 1096 2693 QUARTA.

754 2790 811 2852 Ar>
836 2806 1063 2856 susurrum.

801 2954 844 3016 In
860 2966 1020 3017 nocturno.

302 3094 382 3154 sint.
406 3092 553 3154 Avertet.
923 3092 979 3154 Ps.
1004 3093 1101 3157 Dixit
1125 3095 1323 3177 insipiens..

303 3179 445 3259 Require
458 3179 519 3240 lues
533 3179 726 3259 areteplronas
741 3179 776 3240 in
784 3177 949 3258 psalterio,
966 3179 977 3248 (
982 3200 1011 3260 p.
1029 3182 1072 3261 8.)

312 3266 430 3328 Versus
445 3275 482 3326 nt
495 3264 646 3345 supra.“
931 3266 982 3348 [li
1002 3267 1056 3328 Ex
1073 3288 1156 3348 syon
1174 3270 1323 3352 species]

304 3353 409 3414 Lectio
424 3352 461 3414 if*
485 3352 529 3413 Et
546 3351 671 3433 repleta
686 3362 735 3414 est
751 3361 837 3414 terra
854 3352 1144 3417 idolis..,dimittas
1160 3357 1214 3418 eis.

303 3443 342 3510 R.
367 3440 454 3502 Ecce
471 3440 570 3519 virg0.

304 3526 411 3588 Leett'o
427 3526 460 3587 ii.
487 3526 704 3605 Ingredere...
723 3525 865 3587 altitudo
880 3526 1034 3588 virorum.

303 3617 341 3684 R.
365 3612 514 3676 Obsecro
529 3612 663 3673 domine
680 3613 773 3674 mitte
789 3613 943 3693 quem1...

303 3701 341 3760 ll.
365 3699 399 3761 A
415 3699 491 3760 solis
507 3709 580 3761 ortu
596 3709 628 3761 et
644 3719 772 3774 occasu,
788 3699 830 3760 ab
846 3699 1000 3779 aquilone
1016 3708 1049 3761 et
1066 3701 1155 3762 mari,
1173 3701 1275 3765 Sicut.

305 3785 375 3848 Hoc
400 3787 631 3866 responsorium
656 3785 803 3848 Obsecro
810 3786 996 3863 forinsecus
1010 3796 1062 3859 est,
1078 3797 1110 3848 et
1123 3787 1188 3850 erit
1200 3798 1346 3851 octauum
1370 3800 1494 3872 respon·

388 3874 510 3933 soricem
527 3873 561 3933 in
577 3872 688 3933 ordine
696 3884 758 3953 per
770 3872 986 3933 ebdomadam.

301 3959 410 4021 Lectio
428 3960 474 4021 iii.
501 3959 753 4021 Exultabitur..
773 3970 902 4020 montes
918 3959 1077 4021 excelsos

300 4050 341 4118 R.
367 4047 527 4108 Letentur
542 4046 611 4107 celi,
626 4067 697 4107 cnm
712 4066 807 4106 versu
824 4045 958 4108 Orietur
974 4045 1025 4108 *cl
1038 4048 1190 4110 versiculo
1213 4049 1278 4131 (ut)
1293 4049 1441 4131 supra.**

368 4377 377 4397 <¹
401 4371 458 4415 Sar.
473 4367 489 4415 i.
505 4375 543 4431 59.
563 4368 589 4415 li
604 4367 646 4415 has

401 4447 480 4494 Lectio
514 4447 532 4493 i.
553 4445 620 4508 Syon
633 4446 656 4492 in
669 4444 760 4493 iudicio
807 4479 811 4493 .
832 4482 838 4492 .
859 4481 865 4493 .
883 4445 1022 4507 extinguat,
1035 4449 1092 4494 Sar.
1109 4447 1124 4495 i,
1140 4448 1178 4511 56.

502 4523 532 4570 ii.
553 4523 661 4570 Verbum
673 4524 738 4585 quod
757 4559 763 4571 .
785 4559 791 4570 .
811 4560 817 4571 .
839 4560 844 4572 .
865 4524 897 4570 de
909 4523 1066 4580 hierusalem,
1080 4525 1137 4573 Sar.
1151 4525 1167 4573 i.
1184 4524 1222 4588 58.

493 4601 534 4649 iii.
556 4600 588 4648 Et
601 4601 720 4649 iudicabit
738 4637 744 4649 .
765 4637 771 4649 .
794 4639 799 4650 .
820 4638 825 4650 .
848 4601 963 4665 prelium.

371 4791 377 4820 ¹
399 4792 423 4840 il
438 4791 554 4841 missurus
566 4807 600 4839 ee
