3600 5834
362 758 394 807 70
653 743 702 795 IN
713 743 765 793 NA
772 743 863 793 TALI
878 742 996 795 UNIUS
1011 742 1264 792 CONFESSORIS.

362 899 434 980 Cap.
458 899 572 980 Justus
586 917 754 959 corsuum
769 896 886 960 tradet

360 987 522 1066 Hymnus.
544 985 624 1065 Jesu
640 984 838 1066 redemptor.
1037 980 1071 1061 >V
1096 984 1206 1045 Iustus
1221 981 1427 1065 germinabit.

359 1073 440 1135 Ant.
464 1072 559 1155 Euge
575 1092 675 1134 serve.
1036 1071 1092 1132 Ps.
1118 1070 1324 1132 Benedictus.

363 1160 485 1224 Oratio.
510 1159 639 1222 Adesto
655 1157 797 1222 domine.
1017 1156 1106 1219 *Vel
1116 1157 1227 1219 oratio.
1254 1154 1499 1219 Intercessiof*

835 1389 896 1453 Ao
921 1402 1077 1452 naman.

359 1530 438 1593 Ant.
461 1529 593 1609 Justum
609 1527 758 1589 deduxit.
877 1522 971 1611 [Ant.
995 1525 1045 1588 Te
1058 1524 1139 1607 jure.
1253 1524 1309 1586 Ps.
1333 1521 1554 1608 Quicunque]

822 1756 883 1820 Ao
906 1770 1085 1820 menan.

357 1890 437 1952 Ant.
462 1889 539 1952 Non
556 1901 606 1953 est
622 1891 782 1956 inventus,

360 1978 433 2058 Cap.
461 1978 569 2040 Iustus
585 1999 641 2040 eor
656 1999 761 2042 suum.

357 2065 418 2126 Ad
428 2064 488 2126 lms
502 2063 599 2127 lmras
621 2066 819 2147 responsoria
834 2076 866 2129 et
878 2087 991 2130 versus
1006 2067 1044 2130 de
1058 2067 1223 2129 communi
1245 2066 1343 2129 unius
1366 2065 1555 2146 confessoris

443 2152 643 2233 etpontificis
658 2154 818 2216 dicuntur.

359 2236 491 2323 [Oratio
505 2248 544 2300 ut
555 2237 678 2324 supra]

832 2451 893 2514 Ao
916 2464 1076 2515 snxrnn.

356 2588 435 2756 ‘grip‘
455 2588 644 2755 tFliiisstsstus
667 2675 699 2738 in
723 2676 872 2739 oratione
894 2676 1104 2741 confitebitur
1126 2677 1271 2753 domin0,
1286 2686 1319 2739 et
1343 2677 1412 2759 ipse
1436 2676 1555 2759 diriget

442 2762 615 2912 {ppaski'liitplrp
641 2763 712 2844 ejus
736 2773 770 2826 et
796 2764 1016 2846 disciplinam,
1041 2775 1075 2827 et
1097 2766 1130 2826 in
1154 2765 1357 2827 absconditis
1384 2764 1451 2826 suis
1475 2785 1553 2827 con-

842 3055 903 3119 Ao
927 3070 1074 3122 nonan.

355 3194 433 3255 Ant.
459 3191 560 3256 Serve
576 3192 661 3255 bone
678 3191 841 3255 et'fidelis.
888 3239 892 3250 .

358 3280 551 3362 Capitulum.
576 3279 822 3343 Coilaudabunt
861 3279 955 3342 multi
992 3281 1189 3362 sapientiam
1220 3279 1291 3361 ejus
1322 3290 1354 3343 et
1385 3301 1489 3362 usque
1520 3281 1551 3342 in

440 3366 587 3428 seculum
604 3387 669 3428 non
687 3365 849 3429 delebitur
864 3388 871 3443 ;
894 3387 960 3428 non
977 3368 1108 3430 recedet
1121 3369 1279 3429 memoria
1295 3367 1365 3448 ejus
1381 3378 1414 3430 et
1430 3388 1551 3431 nomen

440 3453 511 3534 ejus
528 3454 708 3535 requiretur
723 3475 743 3516 a
758 3454 971 3537 generatione
987 3455 1019 3516 in
1036 3455 1292 3542 generationem.

714 3678 772 3742 Ao
794 3692 989 3745 secundas
1012 3694 1204 3745 vnsrnnas

354 3816 433 3879 Ant.
456 3816 588 3897 Justum
604 3815 754 3879 deduxit.
1015 3816 1148 3880 Psalmi
1151 3816 1298 3896 feriales.

357 3903 430 3983 Cap.
453 3903 566 3983 Justus
582 3923 758 3965 corsuum.

353 3989 515 4068 Hymnus.
538 3990 616 4070 Jesu
633 3990 829 4072 redemptor.
1133 3988 1167 4067 V
1190 3989 1327 4054 Amavit
1343 4011 1428 4053 eum.

352 4076 434 4137 Ant.
461 4077 526 4139 Iste
542 4078 954 4158 cognovita...sanctorum.
1129 4078 1186 4140 Ps.
1210 4078 1413 4160 Magnificat.

356 4163 470 4226 Oratio
485 4174 523 4225 ut
534 4164 659 4245 supra.b

354 4297 572 4379 Evangelium
587 4299 620 4359 si
631 4299 743 4377 suerit
762 4298 867 4362 abbas.
915 4300 1098 4364 Secundum
1121 4300 1299 4364 mattheum
1319 4303 1385 4364 xix.
1434 4302 1471 4363 ln
1494 4299 1551 4362 illo

439 4393 587 4466 tempore
614 4386 700 4448 dixit
724 4407 842 4467 symon
871 4396 983 4467 petrus
1008 4388 1049 4450 ad
1074 4389 1187 4464 iesum,
1213 4389 1299 4451 Ecce
1330 4410 1391 4450 nos
1421 4388 1551 4469 reliqui-

441 4491 513 4619 mps
529 4473 641 4535 omnia
656 4483 689 4536 et
707 4475 809 4536 secuti
833 4494 946 4537 sumus
969 4483 1011 4537 te.
1056 4474 1145 4557 Quid
1169 4496 1249 4559 ergo
1271 4476 1332 4538 erit
1355 4475 1459 4538 nobis
1506 4474 1551 4537 Et

342 4593 343 4596 ¹
439 4580 472 4620 re
488 4580 572 4640 iqua.

385 4710 470 4757 'San
491 4708 515 4757 ii.
531 4708 586 4771 385.

386 4786 398 4820 b
416 4788 446 4835 W
459 4786 504 4836 has
515 4804 548 4836 no
559 4803 627 4837 more
639 4786 676 4836 tili
688 4788 793 4850 “Many
805 4784 977 4837 Confessors.'’
