3600 5834
368 722 400 771 28
898 724 949 773 LE
954 724 1078 773 TANIA.

369 874 489 957 Agnus
505 877 557 940 dei
573 877 629 958 qui
646 877 733 940 tollis
750 886 887 959 peccata
911 877 1036 952 mundi,
1052 876 1175 939 exaudi
1192 896 1260 950 nos,
1277 875 1419 938 domine.

369 962 489 1045 Agnus
505 966 558 1027 dei
575 966 631 1046 qui
647 964 735 1027 tollis
752 973 888 1048 peccata
905 963 1030 1039 mundi,
1046 964 1199 1025 miserere
1215 962 1317 1025 nobis.

369 1048 499 1113 Christe
515 1053 592 1113 audi
609 1064 694 1114 nos.a
1132 1053 1134 1058 ’

371 1135 476 1217 Kyrie
491 1138 635 1217 eleyson.
682 1136 811 1202 Christe
828 1137 971 1218 eleyson.
1017 1136 1123 1217 Kyrie
1138 1135 1284 1217 eleyson.

372 1223 469 1285 Pater
484 1235 603 1288 noster.
642 1225 687 1287 Et
703 1245 744 1286 ne
760 1246 828 1286 nos,
874 1225 941 1288 Sed
959 1224 1068 1286 libera.

371 1308 416 1371 Et
431 1312 542 1373 veniat
558 1332 657 1393 super
672 1331 732 1372 nos
749 1311 971 1374 misericordia
987 1320 1052 1382 tua,
1069 1309 1226 1373 domine:

371 1395 522 1459 Salutare
534 1407 628 1460 tuum
644 1400 825 1460 secundum
843 1397 1012 1479 eloquium
1029 1406 1130 1459 tuum.

371 1484 455 1545 Esto
471 1485 574 1558 nobis
592 1486 736 1562 domine,
751 1486 847 1547 turris
865 1484 1086 1547 fortitudinis:

370 1572 405 1631 A
421 1570 503 1632 sacie
519 1572 649 1633 inimici.

372 1656 502 1719 Memor
517 1669 588 1720 esto
603 1658 869 1739 congregationis
885 1667 960 1722 tue:

371 1741 482 1824 Quam
500 1746 674 1826 possedisti
691 1745 733 1806 ab
749 1746 851 1807 initio.

372 1830 527 1907 Domine,
543 1832 651 1893 salvos
667 1831 717 1893 sac
734 1852 834 1912 reges

373 1917 418 1979 Et
434 1920 557 1980 exaudi
574 1939 634 1979 nos
651 1939 682 1980 m
699 1919 753 1980 die
766 1939 832 1999 quo
848 1917 1108 1980 invocaverimus
1124 1926 1164 1979 te.

372 2003 509 2067 Salvum
527 2004 576 2066 sac
593 2004 753 2087 populum
770 2016 874 2075 tuum,
890 2006 1034 2079 dominc,
1050 2015 1082 2067 et
1098 2004 1236 2067 benedic
1251 2001 1426 2065 hereditati
1442 2002 1541 2064 tueb‘

373 2090 441 2153 *Et
456 2112 532 2172 rege
544 2112 600 2153 eos
616 2102 649 2153 et
664 2093 789 2155 extolle
804 2113 860 2154 eos
877 2111 979 2173 usque
996 2093 1028 2153 in
1045 2090 1238 2154 eternum**

373 2176 448 2240 Fiat
461 2199 528 2259 pax
546 2179 578 2240 in
595 2179 715 2241 virtute
731 2190 808 2242 tua:

373 2264 419 2326 Et
435 2265 640 2327 abundantia
656 2266 689 2327 in
706 2264 848 2327 turribus
865 2266 938 2328 tuis

372 2350 515 2413 Oremus
532 2373 592 2433 pro
608 2351 759 2414 fidelibus
775 2352 948 2415 defunctis.

372 2437 536 2519 Requiem
554 2450 700 2500 eternam
718 2441 806 2501 dona
822 2440 876 2510 eis
893 2439 1049 2502 domine:
1073 2448 1107 2501 et
1122 2439 1181 2500 lux
1199 2448 1359 2521 perpetua
1374 2436 1482 2498 luceat
1498 2436 1552 2497 eis.

373 2523 527 2598 Domine,
544 2526 667 2587 exaudi
683 2528 867 2588 orationem
885 2546 1004 2588 meam.

372 2611 417 2673 Et
433 2612 558 2673 clamor
574 2632 666 2673 meus
682 2614 724 2675 ad
741 2622 774 2675 te
790 2614 909 2676 veniat.

372 2696 538 2759 Dominus
555 2699 733 2762 vobiscum.

373 2784 419 2846 Et
435 2805 510 2846 cum
523 2786 640 2866 spiritu
657 2796 722 2848 tuo,
810 2783 962 2849 Oremus.

687 2873 779 2934 Deus
795 2874 846 2934 cui
868 2873 1037 2954 proprium
1053 2870 1125 2936 est.¹
1148 2920 1277 2936 .....
1301 2869 1458 2933 absolvat.

377 2957 445 3034 Qua
460 2957 650 3019 terminetur
662 2959 715 3020 sic.
764 2959 824 3021 Per
839 2960 997 3021 christum
1014 2960 1186 3022 dominum
1204 2969 1363 3021 nostrum.

374 3044 521 3106 *Deinde
535 3055 693 3125 sequentes
714 3046 872 3107 orationes
893 3047 952 3107 sub
969 3046 1110 3110 Oremus
1126 3055 1158 3107 et
1170 3046 1229 3107 sub
1250 3067 1312 3106 uno
1337 3047 1397 3107 Per
1423 3044 1567 3106 eundem

458 3133 629 3193 secundum
646 3153 740 3193 usum
760 3134 978 3212 herfordensis
993 3132 1155 3195 ecclesr'e“
1243 3131 1394 3197 Oremus

374 3216 597 3299 Omnipotens
613 3219 827 3301 sempiterne²

375 3305 536 3367 Pretende
551 3307 686 3367 domine
703 3306 834 3368 famulis
850 3305 1002 3368 fidelibus
1018 3316 1094 3369 tuus
1110 3306 1282 3368 dexteram
1307 3304 1436 3366 celestis
1452 3304 1567 3366 auxilii

459 3401 495 3454 ut
533 3402 565 3453 te
603 3402 675 3454 toto
711 3395 810 3455 corde
854 3395 1046 3475 perquirant
1083 3403 1116 3455 et
1154 3413 1218 3475 que
1253 3394 1354 3474 digne
1399 3390 1568 3473 postulant

459 3481 698 3558 assequantur.³

375 3563 718 3646 Deusaquosancta
740 3615 747 3628 .
770 3614 777 3628 .
801 3616 837 3630 ..

375 3650 533 3714 Hostium
570 3663 756 3714 nostrorum
796 3674 976 3734 quesumus
1011 3653 1147 3716 domine
1184 3652 1270 3715 elide
1306 3652 1495 3733 superbiam
1535 3659 1568 3712 et

459 3740 598 3800 dextere
613 3750 670 3801 tue
685 3742 805 3801 virtute
822 3752 1016 3822 prosterne.c

373 3824 521 3887 Ecclesie
547 3835 612 3900 tue,
642 3845 830 3907 quesumus,
860 3828 1003 3902 domine,
1034 3847 1147 3908 preces
1175 3826 1325 3908 placatus
1352 3826 1501 3902 admitte,
1531 3834 1568 3885 ut

458 3913 633 3973 destructis
675 3914 929 3975 adversitatibus
970 3923 1004 3976 et
1045 3912 1207 3975 erroribus
1248 3914 1416 3988 universis
1452 3931 1567 3975 secura

458 3999 517 4060 tibi
533 4000 654 4062 serviat
670 3999 830 4063 libertate.

372 4083 503 4146 Adesto
541 4086 685 4162 domine,
720 4087 1017 4169 supplicationibus
1056 4088 1183 4155 nostris.
1215 4096 1248 4148 et
1285 4086 1373 4148 viam
1412 4095 1445 4148 et
1475 4095 1568 4149 actus

457 4170 656 4235 famulorum
681 4183 812 4236 tuorum
838 4176 870 4235 in
894 4175 1008 4236 salutis
1030 4184 1086 4236 tue
1105 4175 1323 4256 prosperitate
1342 4174 1497 4255 dispone;
1531 4184 1567 4236 ut

433 4419 445 4443 ⁸
464 4413 487 4463 U
500 4412 575 4460 omits
586 4413 685 4463 Christe
697 4414 756 4463 audi
767 4430 820 4465 nos

434 4490 489 4538 blI
502 4491 588 4538 makes
600 4492 642 4539 the
653 4492 701 4539 last
712 4492 767 4541 sour
778 4493 860 4542 words
872 4492 914 4542 the
926 4494 963 4557 le.
1002 4494 1083 4544 Uhas
1096 4493 1185 4545 Salvos
1196 4492 1235 4543 fac
1246 4508 1291 4542 ser.
1329 4493 1398 4541 Deus
1409 4508 1478 4541 meus
1490 4507 1540 4554 spe.

434 4580 444 4602 ³
462 4572 543 4621 notin
559 4572 589 4622 U.

435 4737 443 4765 ¹
462 4738 511 4786 ΗΡ
521 4737 586 4787 have
597 4746 620 4787 et
633 4754 695 4803 quos
706 4738 861 4789 delictorum.

434 4799 445 4832 ²
462 4803 536 4854 HPU
550 4808 612 4854 omit
625 4804 766 4854 Pontifices.
1060 4803 1071 4837 ⁸
1088 4806 1115 4856 H
1132 4806 1177 4857 has
1188 4823 1203 4856 a
1215 4807 1252 4857 Te
1263 4816 1404 4871 sequantur.
