3600 5834
679 723 728 774 IN
740 723 792 773 NA
800 722 888 771 TALI
906 721 1022 774 UNIUS
1042 720 1214 770 VIRGINIS.

704 939 765 1002 An
787 949 981 1002 secunnss
1003 948 1198 999 vespenns.

348 1077 428 1140 Aut.
454 1075 527 1138 Hec
543 1083 593 1137 est
608 1074 701 1158 virgo
717 1073 849 1156 sapiens
864 1072 883 1134 i.
927 1071 1063 1135 Psalmi
1065 1071 1213 1152 senates.

353 1163 426 1244 Cap.
451 1163 595 1226 Domine
612 1163 693 1224 deus
710 1181 810 1224 meuS.
887 1224 890 1232 ,

350 1251 511 1331 Hymnus.
534 1249 614 1330 Jesu
631 1269 752 1311 corona
767 1246 939 1329 virginum.

349 1335 383 1414 V
408 1337 538 1400 Diffusa
553 1346 604 1398 est
620 1336 725 1419 gratia
742 1336 774 1396 in
791 1334 884 1396 labiis
901 1332 973 1395 tuiS.

348 1424 429 1487 Ant.
454 1423 609 1506 Quinque
626 1423 803 1504 prudentes
826 1420 968 1503 virgines
991 1426 1189 1499 acceperunt
1204 1417 1314 1480 oleum
1331 1417 1363 1479 in
1380 1417 1465 1481 vasis
1480 1418 1548 1481 suis

439 1531 514 1573 cum
531 1510 739 1590 lampadibus
754 1532 761 1583 ;
777 1508 886 1570 media
898 1516 1010 1570 autem
1024 1516 1119 1567 nocte
1130 1504 1254 1567 clamor
1270 1505 1374 1568 factus
1389 1516 1448 1582 est,
1463 1506 1548 1568 Ecce

436 1618 576 1679 sponsus
588 1597 678 1659 venit
690 1597 780 1659 exite
792 1595 924 1657 obviam
937 1593 1059 1656 christo
1074 1593 1218 1657 domino.
1263 1592 1320 1656 Ps.
1345 1592 1548 1677 Magnificat.

352 1684 485 1770 [Oratio
500 1694 532 1747 et
544 1681 666 1767 supra]

408 2157 458 2221 IN
490 2156 676 2221 NATALI
710 2154 861 2219 UNIUS
893 2152 1115 2220 VIRGINIS
1148 2153 1209 2218 ET
1241 2152 1494 2219 MARTYRIS

708 2268 867 2332 TRIUM
896 2266 1195 2331 LECTIONUM.

815 2452 877 2516 An
899 2465 1092 2516 VESPERAS.

353 2590 538 2674 Antiphane
552 2602 583 2655 et
597 2592 732 2655 Psalmi
735 2594 883 2674 feriales.

356 2679 429 2760 Cap.
454 2680 598 2742 Domine
614 2681 695 2742 deus
712 2701 812 2743 meus.

355 2768 508 2848 Hymnus
518 2776 549 2827 et
561 2776 662 2828 cetera
672 2768 720 2828 ad
725 2778 871 2847 vesperas
882 2774 921 2828 ut
931 2765 966 2829 iu
976 2765 1086 2829 natali
1091 2765 1190 2828 unius
1202 2765 1343 2848 virgines
1353 2776 1385 2829 at
1396 2768 1553 2848 martym‘s

441 2874 551 2915 runem
566 2854 760 2918 lacticmum.a

796 3090 856 3153 An
880 3102 1110 3153 ΜΑτυτιΝΑε.

354 3225 590 3291 Ittvz'tatarium
606 3225 742 3306 hymnus
758 3247 869 3288 uanam
887 3225 1060 3308 antiphone
1081 3247 1153 3289 cum
1175 3227 1246 3290 suis
1267 3226 1417 3292 Psalmis
1431 3229 1467 3293 iu
1483 3251 1551 3294 uac-

442 3314 551 3376 turm's
565 3323 715 3395 utsupra
738 3314 773 3374 in
796 3314 905 3375 natali
925 3314 1024 3375 unius
1046 3313 1189 3393 uz'rgn'ms
1209 3324 1242 3376 et
1263 3318 1419 3397 martyris
1441 3339 1551 3380 navem

441 3401 617 3464 lectionum.
663 3398 851 3477 VDiffusa
866 3410 917 3463 est
933 3400 1046 3483 gratia.
1098 3400 1176 3463 Tres
1190 3402 1335 3464 lectiones
1348 3403 1502 3485 legantur
1514 3407 1554 3468 de

441 3486 636 3567 supradictis
657 3507 796 3567 quarum
809 3487 925 3568 prima
945 3488 993 3549 sic
1007 3485 1119 3567 incipit
1140 3486 1375 3552 Immaculatus
1398 3489 1552 3555 dominus

449 3575 529 3637 Tria
545 3575 743 3655 responsam'a
758 3574 796 3635 de
803 3574 952 3654 predicta
966 3573 1104 3636 historia
1111 3585 1175 3656 per
1187 3575 1332 3637 ordinem
1347 3575 1507 3642 dz'cuntur.

356 3663 392 3722 tl
412 3661 529 3743 Specie
545 3670 609 3724 tua„
917 3660 986 3742 [Ps.
1010 3660 1059 3723 Te
1077 3661 1176 3723 deum
1193 3663 1377 3741 nisifucrit
1390 3666 1530 3749 vagina]

826 3894 870 3957 ln
894 3907 1091 3959 mumius.

363 4030 437 4095 Una
451 4029 519 4093 sola
534 4029 709 4112 antiphona
724 4028 851 4091 de'citur.
897 4028 987 4111 [Hec
1003 4040 1055 4091 est
1069 4024 1187 4115 virge]

359 4119 432 4201 Cap.
456 4118 611 4198 Hymnus
631 4127 662 4179 at
683 4126 783 4178 cetera
809 4116 858 4178 ad
879 4116 1063 4178 matutinas
1089 4127 1126 4179 ut
1149 4128 1248 4199 supra
1271 4117 1306 4181 iu
1329 4120 1438 4185 natali
1457 4124 1555 4187 etnim

443 4204 586 4287 virginis
600 4213 632 4266 at
646 4204 803 4283 mnrtyris
818 4223 928 4265 novem
944 4203 1120 4267 lactionum.

835 4419 896 4482 An
920 4433 1078 4484 seminis.

357 4556 437 4619 Aut.
464 4555 537 4617 Hec
549 4562 599 4617 est
610 4555 703 4638 virgo
718 4556 850 4638 sapiens
864 4556 895 4618 ii.
927 4556 1020 4639 [Aut.
1035 4558 1148 4624 Gloria
1160 4560 1226 4626 tibi
1264 4562 1320 4628 Ps.
1334 4561 1555 4656 Quicunque]

838 4781 851 4807 ⁸
868 4776 895 4825 H
908 4775 997 4826 details
1007 4791 1074 4827 sues.
