3600 5834
556 729 605 781 ΙΝ
626 728 774 780 marl
798 727 915 779 UNIUS
936 728 1126 778 APOSTOLI.
1409 739 1441 789 39

233 881 277 946 In
294 884 468 947 matutinis
481 893 513 946 et
526 881 562 946 in
576 882 724 946 secundis
738 881 878 962 vesperis
891 880 1112 963 plurimorum
1127 879 1346 961 apostolorum.

325 973 364 1032 V
379 972 566 1034 Potestates
591 979 703 1033 autem
729 969 849 1032 tradite
874 979 987 1031 sunta
1011 969 1148 1030 domino
1172 967 1331 1050 apostolis
1358 986 1435 1028 con-

411 1057 536 1120 civibus
552 1078 620 1139 quo
628 1057 717 1119 verbi
730 1056 833 1120 divini
849 1056 976 1118 semina
988 1067 1162 1134 erogantes
1178 1064 1210 1116 et
1227 1074 1433 1135 peromnem

411 1156 532 1208 terram
547 1145 652 1207 exivit
667 1164 768 1206 sonus
783 1164 897 1206 eorum
914 1144 959 1206 etl
975 1144 1008 1205 in
1025 1142 1147 1206 Christi
1164 1142 1306 1203 nomine.

869 1217 874 1236 ⁸
1254 1227 1436 1290 Portantes.

326 1315 359 1394 i?
383 1317 493 1382 Gloria
518 1316 691 1382 Conditori
717 1316 820 1379 totius
844 1315 933 1378 orbis
957 1314 1094 1397 ejusque
1119 1313 1186 1376 filio
1210 1335 1285 1376 cum
1303 1313 1435 1375 flamine

411 1417 527 1467 sancto
543 1406 598 1487 qui
616 1413 723 1466 totum
750 1404 863 1466 subdit
878 1404 945 1464 suis
961 1402 1074 1464 orbem
1100 1400 1226 1484 legibus
1243 1421 1284 1462 ne
1300 1409 1437 1483 pereant

413 1492 535 1556 Amen.
1239 1489 1438 1551 portantem

497 1579 553 1639 Ps.
577 1577 628 1639 Te
645 1578 764 1639 Deum.

521 1663 554 1742 >7
577 1664 768 1728 Constitues
783 1683 849 1727 eos.

706 2027 750 2090 Iu
776 2040 975 2091 muninus,

238 2178 318 2240 Ant.
345 2177 420 2239 Hoc
435 2187 485 2238 est
502 2185 735 2257 preceptum...
905 2174 961 2237 Ps.
987 2174 1152 2238 Dominus
1169 2173 1321 2255 regnavit

238 2268 319 2327 Ant.
344 2264 506 2326 Maiorem
523 2264 735 2325 caritatem...
908 2262 963 2324 Ps.
986 2261 1131 2341 Jubilate

238 2353 320 2414 Ant.
345 2351 414 2412 Vos
429 2350 527 2412 amici
545 2350 650 2412 mei...
906 2348 962 2410 Ps.
989 2349 1080 2410 Deus
1095 2351 1178 2410 deus
1195 2367 1287 2408 meus

239 2440 320 2501 Ant.
345 2438 440 2500 Beati
457 2438 623 2498 mundo...
908 2434 965 2496 Ps.
990 2436 1179 2496 Benedicitc

239 2527 321 2587 Ant.
346 2525 601 2605 inpatientia...
909 2521 965 2584 Ps.
991 2522 1140 2583 Laudate

245 2611 319 2691 cap.
342 2611 418 2692 Jam
436 2629 503 2671 non
520 2607 627 2670 estis.b
1248 2605 1363 2688 [opera
1379 2606 1441 2669 dei.

241 2698 404 2777 Hymnus.
430 2696 571 2757 Exultet
588 2695 695 2757 celum
713 2692 919 2757 laudibus²...
1051 2695 1090 2754 V
1106 2692 1407 2757 Arnunciaverunt

240 2786 320 2847 Ant.
345 2784 493 2847 Tradent
509 2783 597 2844 enim
615 2802 714 2843 vos...
906 2781 962 2844 Ps.
987 2781 1194 2845 Benedictus

245 2871 361 2935 Oratio
384 2869 574 2951 Quesumus
591 2869 804 2948 omnipotens
820 2869 902 2930 deus
919 2877 954 2930 ut
971 2867 1087 2928 beatus
1111 2865 1282 2949 apostolus
1306 2875 1383 2930 tuus
1407 2867 1438 2929 N

416 2967 510 3018 tuum
528 2975 587 3036 pro
603 2955 697 3017 nobis
714 2956 867 3035 imploret
883 2955 1045 3016 auxilium
1061 2965 1097 3016 ut
1114 2975 1133 3015 a
1149 2955 1270 3016 nostris
1296 2954 1441 3016 reatibus

415 3043 558 3105 absoluti
574 3063 594 3103 a
610 3042 743 3103 nostris³
759 3043 858 3103 etiam
876 3041 1027 3124 periculis
1039 3061 1200 3103 eruamur.
1246 3042 1309 3103 Per
1326 3040 1442 3101 Domi-

1295 3148 1383 3190 num.

718 3435 780 3501 Ao
805 3450 963 3499 mmmm.

243 3574 326 3639 Ant.
352 3574 428 3637 Hoc
445 3581 495 3636 est
511 3582 729 3656 preceptum.c

305 4146 317 4172 ⁸
335 4140 361 4189 H
375 4139 418 4189 has
430 4150 455 4189 et
466 4140 579 4190 liberare.

304 4217 317 4249 θ
336 4219 396 4266 flw
410 4218 471 4267 have
483 4218 594 4283 Chapter
604 4219 630 4267 in
642 4218 686 4268 full
699 4217 767 4280 here,
780 4218 841 4269 with
858 4218 901 4269 the
920 4235 988 4270 same
1001 4221 1113 4270 addition
1126 4236 1195 4270 ason
1208 4236 1232 4286 p.
1248 4231 1288 4285 35,
1300 4220 1344 4270 but
1358 4220 1383 4269 11
1398 4218 1441 4267 has

240 4294 298 4358 only
307 4311 353 4344 cue
365 4305 391 4344 to
403 4296 506 4345 Exultet
517 4297 605 4345 celum.

304 4381 314 4402 ‘
334 4373 359 4421 H
372 4374 434 4422 adds
445 4389 504 4423 cues
516 4383 541 4422 to
553 4374 595 4423 the
607 4374 735 4442 psaimslat
748 4374 838 4424 Lesser
859 4376 942 4425 Hours
953 4378 1003 4426 and
1022 4376 1080 4426 here
1100 4376 1152 4426 also
1164 4378 1228 4425 Ant.
1250 4377 1287 4426 Tc
1300 4376 1358 4440 jure.
1394 4377 1435 4423 l’.=.

240 4450 389 4514 Quicunque
401 4450 459 4499 vult.

306 4741 315 4775 ¹
331 4746 392 4794 WH
405 4746 466 4794 omit
477 4753 509 4794 et.
898 4744 909 4776 ²
926 4745 986 4795 Pw.
999 4744 1015 4795 l.
1033 4744 1061 4795 18
1074 4744 1099 4794 in
1111 4744 1195 4797 finem.

304 4809 316 4841 ³
332 4811 358 4860 H
372 4810 416 4860 has
427 4810 530 4860 cunctis.
598 4810 632 4859 W
643 4810 688 4861 has
699 4811 795 4862 eunctis
806 4811 916 4861 tontibus
926 4812 1049 4876 periculis.
