3600 5834
539 716 654 765 rERlA
672 716 849 768 SECUNDA
867 718 1074 770 ADVENTUS
1090 720 1234 769 DOMINI
1449 730 1497 781 113

761 991 822 1055 Au
845 1006 1037 1058 vesperus,

294 1176 376 1238 rint.
402 1176 585 1240 Inclinavit.
1018 1180 1073 1241 Ps.
1092 1179 1213 1242 Dilexi.

296 1263 395 1325 *Areu
420 1262 561 1327 Credidi.
1017 1267 1073 1328 Ps.
1093 1267 1215 1348 Ipsum.

295 1350 377 1411 Aut.
402 1348 554 1413 Laudate
602 1351 775 1414 dominum
813 1372 928 1414 ornnes
1015 1353 1071 1416 Ps.
1090 1353 1212 1435 Ipsum.

384 1446 507 1517 gentes

297 1523 375 1585 Aut.
401 1522 559 1587 Clamavi.
1017 1525 1073 1587 Ps.
1091 1525 1146 1588 Ad
1189 1526 1361 1588 dominum
1410 1546 1485 1590 curu

1076 1611 1253 1674 tribularer.

297 1696 375 1757 rint.
401 1696 585 1760 Auxilium.
1014 1698 1070 1761 Ps.
1089 1699 1220 1761 Levavi.

297 1783 491 1864 Capitulum.
518 1784 605 1847 Ecce
618 1784 710 1867 virgo
726 1784 945 1866 concipieta...
1020 1785 1162 1867 Require
1216 1784 1277 1847 lias
1321 1786 1354 1847 in
1395 1787 1487 1867 psol·

1096 1869 1226 1934 terio.**
1243 1871 1312 1953 (pp.
1333 1888 1379 1948 12,
1394 1886 1461 1950 22.)

295 1961 335 2028 R.
359 1956 410 2020 Tu
427 1978 594 2038 exurgens
609 1957 743 2019 domine
760 1957 963 2021 misereberis
982 1978 1076 2039 syon.

297 2043 455 2117 Hymnus.
472 2043 640 2108 Conditor.
1008 2047 1048 2106 V.
1073 2045 1196 2107 Rorate
1211 2045 1279 2108 celi.

296 2129 326 2189 Α
333 2139 374 2190 ut.
401 2130 609 2193 Hierusalem
627 2130 808 2212 respiceb...
1013 2131 1070 2193 Ps.
1089 2131 1290 2212 Magnificat.

295 2215 409 2277 Preces
422 2227 454 2278 et
467 2228 567 2279 cetera
582 2227 731 2299 utsupra
745 2238 816 2279 eum
831 2217 974 2279 oratione
988 2217 1182 2281 donu‘m'colr'.

293 2302 458 2365 Memorio
472 2304 511 2365 de
527 2303 555 2366 S
557 2353 563 2366 .
579 2304 705 2367 Maria.

296 2389 369 2451 Ave
387 2390 544 2452 mariae...
1000 2393 1039 2453 V.
1064 2391 1261 2473 Egredietur
1276 2391 1375 2473 virga.

299 2474 354 2538 Or.
379 2475 471 2539 Deus
486 2479 543 2558 qui
559 2477 601 2539 de
616 2479 713 2540 beate
730 2478 831 2540 marie
845 2478 990 2559 virginis.

296 2561 476 2625 *Memorie
500 2563 834 2646 [commemorationes]
863 2564 902 2626 de
926 2562 1074 2626 omnibus
1096 2564 1217 2627 sancus
1241 2574 1272 2626 et
1292 2563 1331 2626 de
1347 2575 1426 2647 pace
1449 2575 1488 2626 ut

379 2660 478 2730 supra
493 2651 541 2712 ad
553 2651 733 2712 rnatutinos
740 2651 937 2730 precedentis
943 2652 1038 2730 ferie.

296 2735 361 2798 Hie
371 2737 448 2798 ordo
463 2738 693 2800 memoriarum
707 2738 825 2799 sce'licet
837 2737 877 2799 de
892 2747 1003 2799 sancta
1026 2738 1134 2799 mario
1148 2737 1187 2800 de
1200 2736 1347 2800 omnibus
1365 2739 1488 2800 sanctis

379 2833 410 2885 rt
423 2824 461 2885 de
468 2835 548 2904 poce
561 2823 744 2886 observetur
756 2824 897 2905 quotidie
911 2824 945 2885 in
953 2825 1056 2903 seriis
1070 2824 1197 2905 quando
1211 2824 1250 2887 de
1263 2825 1358 2904 feria
1372 2825 1489 2907 agitur

381 2920 448 2972 tam
465 2911 499 2972 in
515 2910 653 2991 vesperis
666 2932 763 2991 quam
780 2912 814 2972 in
830 2911 1004 2973 rnatutinis
1018 2932 1116 2993 nsque
1129 2911 1177 2974 ad
1188 2912 1339 2993 vigilium
1362 2912 1483 2974 natr‘m'-

380 2998 459 3059 tatis
475 2996 604 3059 dorm'ui
620 2998 700 3059 etin
715 3007 826 3059 octova
843 2998 896 3059 die
913 2997 947 3060 S.
964 2997 1095 3060 Andree
1109 2998 1237 3079 quondo
1251 2998 1289 3061 de
1303 3008 1415 3061 octava
1430 2998 1484 3061 die

378 3085 513 3164 agitur:
542 3085 672 3165 exceptis
700 3086 837 3163 vesperis
862 3084 897 3145 in
919 3085 1035 3164 quibus
1054 3084 1238 3165 aliquodO
1268 3096 1428 3161 cantatur,
1455 3096 1487 3147 et

378 3171 510 3251 exceptis
538 3171 711 3233 neatutinis
730 3170 819 3251 serie
848 3180 963 3251 quarte
997 3181 1081 3233 sexte
1109 3181 1141 3233 et
1175 3171 1303 3235 sabbati
1332 3182 1489 3253 quattuor

380 3268 562 3338 tenuiorum.

294 3342 340 3404 Et
354 3344 515 3423 sisestum
530 3344 669 3405 alieuius
687 3345 793 3407 sancti
805 3345 897 3425 infra
915 3344 1089 3406 adventum
1112 3354 1277 3408 occurrat:
1289 3345 1360 3426 fiat
1372 3346 1485 3426 primo

381 3430 535 3492 memoria
549 3431 714 3505 desumto,
723 3441 831 3512 postea
845 3431 884 3492 de
897 3441 1009 3492 sancta
1020 3432 1138 3493 Maria
1148 3440 1179 3491 et
1187 3432 1311 3493 dealiis
1320 3432 1483 3494 memoriis

380 3528 542 3598 utsupra.
597 3517 689 3579 Idem
703 3518 773 3598 fiat
792 3516 832 3578 de
851 3518 942 3579 omm
956 3519 1045 3597 sesto
1067 3518 1169 3580 trium
1191 3519 1359 3582 lectionum
1389 3518 1483 3598 infra

377 3603 553 3666 adventum
570 3603 832 3684 contingentibus,
847 3603 966 3665 neside
980 3605 1100 3666 octavis
1121 3605 1228 3667 sancti
1246 3604 1386 3681 Andree,
1401 3606 1479 3685 quio

379 3700 455 3751 tnnc
468 3691 592 3752 dicetur
605 3691 644 3753 de
657 3700 768 3752 octauo
783 3691 835 3753 die
850 3700 881 3752 et
894 3691 1048 3753 memoria
1059 3690 1097 3753 de
1111 3690 1264 3753 aduentu.

292 3776 509 3858 Srpradictns
522 3778 598 3838 ordo
612 3778 824 3857 capitulorum
839 3778 1030 3856 hymnorum
1052 3787 1085 3839 et
1104 3778 1333 3840 uersiculorum
1355 3777 1403 3839 ad
1414 3797 1483 3839 ves-

372 3874 472 3944 peras
485 3873 518 3924 et
531 3864 711 3925 matutinos
724 3886 763 3925 ac
780 3866 879 3926 etium
897 3865 1165 3945 responsoriorum
1180 3885 1252 3927 eum
1273 3864 1418 3927 uersibus
1438 3865 1488 3926 ad

379 3971 487 4012 omnes
499 3949 598 4013 horos
615 3948 714 4012 huius
724 3951 814 4029 serie
834 3962 980 4013 seruetur
999 3950 1139 4032 quotidie
1160 3972 1258 4033 usqne
1272 3952 1320 4014 ad
1329 3951 1484 4034 uigiliam

381 4038 567 4099 nolroitotis
580 4037 712 4112 donnini,
728 4037 855 4118 quondo
869 4038 908 4100 de
913 4038 1009 4117 seria
1022 4038 1186 4119 agitur.”

355 4771 367 4795 ³
381 4764 439 4813 Sar.
454 4765 469 4814 i.
484 4778 507 4827 9.
771 4762 784 4797 b
800 4764 857 4813 Sar.
871 4764 888 4813 i.
904 4773 942 4829 57.

423 4845 526 4894 BREV.
544 4844 652 4895 HERF.
