3600 5834
646 748 694 798 IN
714 747 862 797 ΝᾹΤΑΖΙ
886 746 1001 798 UNIUS
1027 745 1303 797 EUANGELISTE.

851 960 913 1026 Au
936 974 1099 1026 suxrau.

370 1095 453 1158 llur.
478 1096 534 1158 Ex
551 1097 642 1160 omni
659 1098 766 1160 corde.
812 1096 882 1180 [Ps.
897 1097 1043 1180 Defecit]

373 1182 446 1263 cap.
472 1182 661 1265 Unicuique
686 1195 835 1247 nostrum
859 1186 939 1247 data
964 1196 1013 1247 est
1040 1184 1146 1266 gratia
1170 1183 1352 1247 secundum
1381 1206 1570 1250 mensuram

456 1270 646 1333 donationis
674 1270 794 1334 Christi
820 1282 954 1352 propter
977 1272 1066 1353 quod
1093 1273 1173 1334 dicit
1198 1273 1380 1334 ascendens
1406 1273 1437 1334 in
1464 1273 1570 1338 altum

456 1359 623 1439 captivam
640 1359 739 1419 duxit
754 1359 983 1440 captivitatem
1000 1360 1092 1421 dedit
1108 1360 1197 1421 dona
1212 1359 1427 1421 hominibus.a

369 1445 402 1515 R
425 1443 618 1508 constitues
633 1445 717 1507 eos.b

458 1531 510 1613 [ff
527 1532 636 1594 Nimis
652 1531 819 1615 honorati]

849 1774 909 1837 Ao
933 1788 1079 1840 uounu.

368 1907 449 1975 Aur.
475 1915 601 1976 Datum
618 1923 675 1977 est
689 1913 758 1996 [Ps.
773 1913 963 1995 Mirabilial.

371 1997 445 2082 Cap.
471 2002 635 2063 Dominus
651 2002 743 2064 dedit
759 2002 923 2082 quosdam
937 2001 1072 2082 quidem
1088 1999 1257 2081 apostolos
1273 1999 1435 2081 quosdam
1453 2009 1565 2064 autem

455 2089 634 2169 prophetas
661 2088 743 2150 alios
768 2108 845 2149 vero
872 2087 1093 2168 evangelistas
1125 2086 1208 2148 alios
1239 2089 1328 2149 ver0¹
1354 2097 1502 2169 pastores
1533 2098 1567 2150 et

454 2176 606 2237 doctores
622 2175 663 2237 ad
681 2176 1003 2237 consummationem
1029 2185 1219 2236 sanctorum
1236 2174 1269 2235 in
1285 2193 1370 2257 opus
1395 2174 1568 2237 ministerii

454 2262 486 2323 in
504 2261 746 2324 edificationem
763 2262 908 2344 corporis
924 2261 1058 2323 christi.c
1500 2266 1505 2274 '

366 2350 398 2420 R
422 2348 531 2411 Nimis
547 2348 728 2411 honorati.b

454 2434 506 2518 [ff
523 2431 842 2515 Annunciaveruntl.

711 2675 773 2738 Ao
797 2689 991 2741 SECUNDAS
1014 2689 1207 2740 vesperas,

366 2814 445 2877 Ant.
470 2815 591 2876 Dilecti
608 2817 680 2878 deo.
727 2813 808 2879 Curre
824 2814 902 2876 aliis
925 2824 1079 2895 quattuor
1104 2813 1291 2896 antiphonis
1312 2814 1515 2895 sequentibus
1537 2825 1569 2877 et

443 2902 587 2982 psalmis
600 2903 638 2963 de
653 2901 811 2981 apostolis.

496 2987 567 3069 [Ps.
595 2989 692 3050 Dixit
708 2990 863 3052 dominus
1080 2988 1136 3051 Ps.
1162 2987 1316 3051 Laudate
1331 2988 1422 3069 pueri

508 3074 565 3137 Ps.
591 3075 724 3140 Credidi
1081 3074 1136 3136 Ps.
1163 3076 1201 3137 In
1218 3076 1441 3138 convertendo

761 3162 819 3225 Ps.
842 3162 988 3224 Domine
1002 3161 1172 3244 probasti}

368 3246 441 3328 Cap.
467 3247 684 3311 Similitudo.d
1048 3250 1080 3321 R
1104 3248 1189 3311 Cum
1206 3249 1422 3311 ambularent.

365 3335 526 3414 Hymnus.
552 3336 693 3398 Exultet
710 3336 826 3398 celum.
1046 3337 1085 3396 ff
1104 3336 1141 3397 ln
1158 3356 1292 3398 omnem
1311 3347 1439 3398 terram.

363 3422 444 3484 Aut
468 3420 541 3484 Tua
558 3434 635 3484 sunt
652 3423 711 3484 hec
728 3423 847 3484 christe
863 3442 964 3503 opera
980 3422 1036 3503 qui
1053 3434 1186 3484 sanctos
1203 3434 1278 3484 tuos
1295 3423 1339 3483 ita
1351 3422 1515 3502 glorificas
1528 3432 1565 3486 ut

450 3509 551 3571 etiam
568 3510 738 3590 dignitatis
754 3511 896 3591 gratiam
914 3511 945 3571 in
960 3510 1007 3571 eis
1026 3508 1133 3571 suture
1150 3510 1254 3592 preire
1269 3509 1425 3570 miracula
1443 3508 1564 3584 lacias;

450 3605 485 3657 tu
529 3597 673 3676 insignes
704 3596 867 3677 evangelii
899 3598 1121 3679 predicatores
1159 3595 1353 3658 animalium
1391 3595 1563 3658 celestium

449 3682 636 3745 admirabili
665 3682 770 3763 figura
794 3683 1015 3764 presignasti;
1045 3680 1096 3743 his
1124 3702 1269 3763 namque
1296 3682 1416 3745 celeste
1444 3703 1564 3745 munus

449 3769 607 3831 collatum
627 3769 778 3852 gloriosis
795 3770 924 3832 indiciis
940 3791 975 3831 es
991 3770 1148 3850 dignatus
1175 3771 1368 3832 ostendere:
1393 3769 1469 3832 hinc
1494 3769 1565 3832 laus

449 3855 525 3917 hinc
541 3856 646 3936 gloria
662 3858 722 3918 tibi
739 3868 870 3919 resonet
890 3856 922 3918 in
939 3857 1058 3920 secula.
1233 3857 1290 3918 Ps.
1315 3856 1520 3937 Magnificat.

365 3942 479 4006 Oratio
489 3942 646 4024 propriass

426 4147 438 4171 ¹
455 4136 523 4191 0²w
535 4139 635 4191 Cibavit
654 4142 723 4189 illum
741 4156 805 4205 pane
817 4142 867 4190 vite
880 4151 905 4190 et
924 4142 1066 4191 intellectus
1078 4150 1102 4190 et
1120 4157 1183 4207 aqua
1195 4141 1318 4206 sapientie
1335 4140 1448 4190 salutaris
1467 4142 1564 4204 potabit

571 4216 642 4266 illum
662 4229 687 4267 et
707 4218 844 4267 linnabitur
856 4219 881 4267 in
894 4219 938 4268 illo
950 4229 974 4268 et
987 4235 1037 4269 non
1058 4221 1172 4269 flectetur
1192 4231 1217 4269 et
1237 4219 1379 4269 continebit
1391 4217 1461 4267 illurn
1473 4228 1498 4267 et
1511 4235 1563 4269 non

572 4295 739 4344 confundetur
750 4306 774 4344 et
787 4296 908 4345 exallabit
921 4296 991 4346 illurn
1002 4296 1067 4361 apud
1081 4298 1173 4361 primos
1184 4314 1249 4347 suos.

426 4374 438 4405 ⁶
457 4373 490 4420 11.
504 4371 548 4421 has
559 4374 589 4436 ru
601 4375 650 4421 ana
664 4360 687 4435 ᾤ’
700 4374 725 4422 in
738 4371 781 4421 suu
795 4373 861 4423 here.

424 4447 571 4499 eO²W1n
592 4449 677 4499 medio
699 4449 811 4500 ecclcsiae
839 4453 935 4515 aperuit
955 4468 983 4500 os
1003 4452 1055 4516 ejus
1076 4461 1100 4500 tt
1122 4452 1234 4516 implevit
1255 4468 1312 4501 eum
1332 4452 1450 4502 dominus
1475 4452 1562 4514 spiritu

569 4528 691 4590 sapientie
704 4538 729 4577 et
740 4526 882 4578 intellectus
893 4539 920 4578 et
930 4530 994 4579 stola
1004 4529 1083 4593 glorie
1101 4528 1188 4580 induet
1201 4544 1266 4579 eum.

422 4601 436 4638 ¹¹
453 4605 522 4652 0²W
539 4604 590 4667 Qui
602 4605 681 4654 timet.

422 4690 434 4715 θ
452 4677 487 4731 H.
507 4683 577 4732 Deus
587 4682 630 4747 qui
642 4682 741 4732 beatum
754 4684 787 4733 N.
