3600 5834
718 755 773 803 An
802 754 964 803 PRIMAM,
1409 765 1442 819 ις

245 909 319 973 Hac
341 908 517 991 capitulum
534 908 718 990 predictum
744 907 875 970 dicatur
895 907 931 968 in
953 907 1102 970 omnibus
1122 906 1292 970 dominicis
1306 908 1444 986 etsestis

330 997 459 1077 quando
473 996 587 1057 chorus
605 995 735 1076 regitur
752 995 788 1055 in
803 995 942 1075 vesperis
957 995 1130 1057 matutinis
1144 1004 1175 1057 et
1187 995 1296 1070 recissa,
1312 995 1444 1075 exceptis

331 1082 384 1145 die
412 1092 445 1144 et
471 1082 648 1146 ebdomada
668 1081 794 1163 pasche.
848 1080 896 1143 Et
924 1081 1080 1144 similiter
1102 1082 1234 1143 dicatur
1253 1093 1317 1162 per
1336 1102 1445 1145 orienes

331 1180 460 1231 octavas
472 1169 627 1231 sollennes
639 1178 672 1230 et
685 1168 721 1230 in
735 1167 883 1230 onmibus
888 1168 990 1246 sestis
1004 1178 1035 1229 et
1040 1168 1144 1246 seriis
1159 1168 1261 1230 trium
1275 1169 1443 1231 lectionum

331 1279 353 1319 a
367 1257 420 1319 die
434 1256 623 1318 nativitatis
636 1264 816 1336 usquepost
830 1264 958 1316 octavas
972 1254 1150 1336 epyphanie.

248 1429 443 1510 Capitulum
490 1429 636 1491 Domine
652 1428 846 1491 miserere...

245 1518 318 1579 Hoc
337 1517 513 1596 capitulum
529 1515 712 1597 predictum
727 1516 859 1578 dicatur
872 1515 907 1577 in
921 1514 1069 1577 onmibus
1082 1515 1161 1577 aliis
1172 1515 1278 1594 seriis
1298 1525 1329 1577 ct
1341 1516 1444 1594 sestis

332 1604 436 1666 trium
459 1603 628 1664 lectionum
646 1613 710 1684 per
730 1612 831 1664 totam
855 1622 979 1664 arcuum
1001 1612 1033 1664 et
1047 1612 1110 1683 per
1129 1612 1258 1664 octavas
1275 1603 1346 1664 sine
1359 1604 1443 1685 regi·

332 1690 419 1752 mine
441 1690 532 1751 cheri
554 1699 585 1751 ct
608 1689 643 1750 in
659 1689 763 1767 seriis
785 1698 941 1770 quattuor
962 1699 1137 1770 tencparnrn
1167 1689 1326 1751 adventus
1350 1699 1383 1751 ct
1407 1690 1442 1751 in

332 1777 451 1858 vigilia
460 1777 649 1838 rtativitatis
658 1775 787 1837 domini
794 1775 863 1838 nisi
875 1776 1036 1838 dominica
1050 1776 1228 1857 contigerit,
1237 1785 1269 1838 ct
1279 1777 1314 1838 in
1324 1776 1443 1859 vigilia

332 1863 526 1926 ascensionis
540 1872 571 1925 et
577 1861 816 1944 pentecostes'*

247 2038 282 2102 le
303 2036 383 2117 Jesu
399 2038 527 2111 christe,
544 2036 589 2099 fili
604 2036 658 2098 dei
674 2036 748 2099 vivi.
798 2036 956 2098 Miserere
973 2035 1076 2099 nobis.

245 2123 278 2196 V
302 2123 369 2205 Qui
385 2125 480 2186 sedes
496 2124 538 2186 ad
556 2123 730 2187 dexteram
746 2124 856 2205 patris.
904 2120 1084 2187 Miserere.¹

246 2211 383 2291 thesu
398 2212 527 2274 christe.

246 2296 339 2359 *Hic
360 2298 538 2359 versiculus
561 2296 627 2378 Qui
644 2297 686 2358 de
701 2296 830 2377 virgine
845 2296 1003 2377 dignatus
1018 2317 1054 2359 es
1076 2296 1166 2359 nasci
1190 2297 1313 2360 dicitur
1333 2299 1369 2359 in
1391 2299 1445 2361 die

335 2384 524 2446 nativitates
544 2384 673 2445 dann'm'
684 2395 716 2445 et
728 2384 869 2463 quotidie
885 2404 982 2465 usqne
996 2384 1044 2445 nd
1054 2383 1263 2464 ephphaniarn
1277 2395 1309 2446 et
1322 2386 1445 2447 dicitnr

334 2471 369 2533 in
380 2470 530 2533 omnibns
536 2471 639 2550 scriis
652 2482 684 2532 ct
699 2471 733 2531 in
745 2470 982 2532 actaviseamcnc
997 2481 1028 2532 ct
1043 2471 1077 2531 in
1092 2472 1444 2535 corcenccneoratiom'bus

333 2557 512 2619 eorundem.
557 2557 605 2619 Et
624 2559 659 2619 in
673 2557 762 2635 sesto
774 2557 913 2618 sollenni
923 2558 1061 2637 corporis
1074 2556 1190 2620 christi
1202 2568 1233 2620 et
1239 2570 1303 2639 per
1314 2569 1444 2621 octavas

335 2645 404 2706 sive
418 2645 457 2706 dc
470 2643 592 2706 octavis
611 2644 659 2705 sit
669 2644 841 2706 seruitium
855 2645 924 2705 sive
938 2665 1009 2705 non.

248 2731 298 2793 Et
321 2741 397 2794 nata
419 2731 507 2811 quad
528 2731 761 2810 responsorium
791 2730 870 2811 Jesu
900 2730 1021 2793 christe
1048 2751 1121 2792 cunc
1149 2731 1274 2811 duplici
1300 2732 1444 2814 alleluya

335 2818 459 2879 dicitur
486 2817 522 2878 in
552 2817 671 2899 vigilia
701 2816 889 2879 nativitatis
917 2817 1045 2879 domini
1071 2827 1103 2880 et
1131 2818 1207 2880 inde
1242 2840 1340 2900 usqne
1368 2830 1446 2901 post

336 2914 466 2966 octavas
489 2903 661 2985 epyphanie
682 2914 713 2965 et
730 2915 795 2984 per
813 2914 942 2965 octavas
958 2903 1075 2984 pasche
1100 2914 1131 2966 et
1154 2905 1230 2967 inde
1254 2927 1352 2986 usque
1370 2916 1445 2987 past

328 2992 455 3071 festum
479 2990 642 3053 trinitatis
664 3000 696 3052 et
719 2991 753 3051 in
770 2991 861 3069 sesto
886 2990 972 3052 beati
992 2991 1157 3053 ethelberti
1176 3002 1208 3053 ct
1222 3003 1285 3073 per
1305 3003 1441 3055 octavas.

335 3077 377 3140 ln
395 3079 484 3158 sesto
506 3078 643 3140 sollenni
665 3077 807 3158 corporis
827 3076 946 3138 christi
966 3087 998 3139 et
1013 3089 1076 3158 per
1097 3087 1233 3140 octavas.
1293 3080 1334 3141 In
1355 3081 1444 3160 sesto

329 3164 570 3246 purificationis
593 3163 680 3226 beate
701 3165 805 3225 marce
825 3164 858 3224 si
877 3166 1348 3245 septuagesimamprecesserit,
1363 3168 1443 3229 etin

326 3253 428 3332 sestis
452 3251 683 3331 assumptionis
703 3260 735 3312 et
759 3251 946 3313 nativitates
968 3251 1054 3312 beate
1069 3252 1173 3313 marie
1186 3262 1219 3313 et
1231 3264 1293 3333 per
1306 3264 1441 3315 octavas.

336 3338 378 3399 ln
384 3340 470 3418 feste
485 3338 707 3418 reliquiamun.
751 3337 793 3399 ln
814 3348 946 3418 utroque
958 3338 1047 3416 sesto
1068 3340 1174 3401 sancti
1187 3339 1357 3402 michaelis.
1400 3339 1443 3401 ln

337 3434 467 3505 utroque
475 3425 563 3504 festo
577 3425 684 3486 sancti
696 3422 801 3486 thome
812 3424 1002 3502 confessoris
1016 3434 1047 3488 et
1051 3435 1116 3506 per
1128 3435 1263 3488 octavas.
1307 3427 1444 3506 Infesta

335 3513 480 3574 oncnium
494 3521 677 3573 sanctornm
693 3521 724 3572 et
738 3512 773 3572 in
779 3511 868 3589 sesto
881 3512 1002 3573 ecclesie
1016 3522 1047 3573 ct
1053 3522 1116 3593 pcr
1127 3522 1262 3574 octavas.
1300 3512 1341 3574 In
1356 3514 1445 3575 dedi·

335 3599 457 3660 catione
470 3597 593 3660 ecclesie
605 3598 639 3659 si
650 3607 774 3678 tenpus
788 3598 905 3679 erigat.

250 3686 292 3746 ln
306 3685 360 3746 die
372 3685 538 3766 epiphanie
550 3694 583 3746 et
588 3695 651 3765 pcr
664 3695 792 3747 octavas
806 3685 929 3746 dicitnr
942 3684 1001 3747 iste
1016 3707 1134 3747 versus.

249 3770 312 3853 [ἵ]
337 3770 402 3853 Qui
419 3773 601 3853 apparuisti
617 3770 724 3835 hodie.
771 3771 927 3834 Miserere
943 3772 1047 3833 nobis.

251 3859 422 3920 Doricinica
451 3859 544 3937 infra
570 3866 699 3919 octavas
728 3857 845 3938 pasche
872 3868 905 3920 ct
933 3859 1007 3920 inde
1037 3880 1134 3939 nsque
1162 3859 1210 3920 ad
1235 3859 1446 3922 ascensionem

338 3945 460 4007 dicitur
480 3946 533 4007 hic
555 3965 668 4007 versus
681 3956 778 4025 super
796 3945 1030 4027 responsorium
1055 3947 1133 4027 Jesu
1158 3946 1287 4022 christe,
1333 3945 1367 4024 V
1389 3948 1445 4029 qui

523 4126 565 4175 hac
576 4128 722 4190 capitulum.
760 4124 824 4188 Regi
834 4133 918 4172 autem
930 4125 1068 4172 seculorum
1081 4124 1214 4173 immortali
1227 4134 1252 4173 et
1263 4124 1381 4174 invisibili
1385 4163 1444 4176 ......

522 4204 688 4267 Deogratias.

488 4281 527 4330 Et
538 4280 650 4345 inferiis
657 4280 758 4345 etp'cstis
769 4282 849 4327 trium
869 4279 1002 4327 lectionum
1021 4280 1050 4326 in
1068 4280 1177 4327 adventu
1188 4280 1287 4327 clarecini
1302 4286 1327 4327 ct
1342 4287 1447 4344 tempore

523 4359 709 4422 quadragesime
733 4359 763 4405 in
789 4359 834 4405 isto
859 4357 907 4404 laco
933 4363 1053 4403 runcatur
1075 4357 1214 4419 capitulum
1237 4373 1345 4420 sequens.
1384 4360 1443 4421 Cap.

523 4436 633 4485 Domine
650 4433 796 4484 miserere...
832 4435 869 4481 Et
884 4441 945 4481 tunc
962 4450 1011 4481 non
1027 4435 1123 4481 dieitur
1138 4435 1181 4482 hec
1192 4437 1372 4497 responsorium
1386 4435 1445 4498 Jesu

523 4513 623 4563 Christe
636 4513 688 4561 &a
701 4513 744 4560 sed
752 4513 850 4560 dicitur
865 4511 890 4559 V
920 4511 1020 4573 Exurge
1032 4511 1083 4559 &c

490 4591 551 4641 Alio
567 4607 624 4638 vcro
639 4598 745 4653 tempore
762 4598 811 4653 per
821 4588 906 4652 jerias
923 4596 946 4637 et
960 4588 1029 4652 festa
1050 4590 1130 4636 trium
1150 4590 1279 4638 lectionum
1302 4590 1448 4653 hujusmodi

522 4675 643 4732 sequatur
652 4668 800 4731 capitulum.
837 4667 928 4716 Pacem
939 4676 964 4715 et
976 4667 1169 4718 veritatem.....
1204 4667 1261 4717 Deo
1271 4668 1371 4731 groslu.

639 4816 648 4849 ¹
677 4819 704 4870 H
716 4820 780 4869 adds
791 4818 879 4871 Gloria
891 4818 967 4880 Parii,
977 4817 1022 4868 &o
