3600 5834
572 770 764 822 DOMINICA
786 772 841 821 AD
868 772 925 821 MA
931 772 956 821 Τ
955 772 1008 821 UT
1004 772 1100 821 INAS.
1416 782 1431 833 3

319 904 376 967 Ps.
392 903 450 968 xvi
540 905 676 969 Exaudi
691 906 868 969 domine...
1204 903 1319 970 Gloria
1335 905 1430 986 patri.

231 987 275 1051 lrr
289 991 432 1055 aduentu
446 993 526 1055 Ant.
573 993 661 1056 Ecce
675 993 810 1074 virgo...

233 1077 263 1138 Α
268 1088 322 1140 ute
334 1079 620 1160 quadragesimam
634 1079 715 1142 Ant.
762 1079 931 1142 Inclina...

232 1164 296 1226 'In
310 1166 562 1248 quadragesima
576 1167 607 1228 A
612 1176 657 1229 nt.
704 1167 831 1229 inclina
846 1187 960 1229 aurem
976 1175 1079 1244 tuam,
1094 1164 1248 1243 domine,¹
1260 1173 1294 1227 et
1305 1163 1429 1228 exaudi

320 1272 389 1324 nos,
405 1254 461 1335 qui
477 1254 587 1316 salvos
603 1252 683 1316 iacis
698 1263 870 1335 sperantes
885 1255 919 1315 in
938 1253 1022 1317 tef*

231 1336 276 1398 In
290 1348 389 1401 estate
402 1341 483 1403 Ant.
529 1340 669 1403 Pectora
684 1351 839 1404 nostra...

320 1492 378 1556 Ps.
394 1494 462 1556 xvii
552 1493 702 1574 Diligam
718 1502 761 1571 te,
777 1492 953 1557 domine...
1207 1492 1321 1559 Gloria
1336 1492 1431 1575 patri.

233 1579 276 1641 lrr
291 1580 431 1642 aduentu
447 1580 477 1642 A
483 1590 527 1643 nt.
574 1580 749 1645 Orietur...

320 1664 355 1742 V
378 1667 618 1749 Egredietur...
947 1666 1010 1749 [lp]
1033 1668 1079 1730 Et
1095 1665 1197 1731 flos...

231 1753 264 1815 A
270 1764 323 1815 ute
336 1754 620 1835 quadragesimam
636 1754 713 1816 Ant.
763 1754 930 1817 Dominus
946 1754 1234 1816 firmamentum...

322 1838 356 1916 V
379 1842 493 1904 Media
514 1852 612 1904 nocte
635 1841 822 1923 surgebam.
953 1840 1017 1924 [lo]
1042 1841 1097 1904 Ad
1122 1840 1348 1904 confitendum
1374 1858 1433 1902 no·

1068 1928 1148 1990 mini
1163 1938 1231 2003 tuo,
1246 1928 1389 1990 domine.

234 2014 298 2077 *ln
313 2014 564 2096 qmrdragesima
580 2015 659 2077 Ant.
704 2015 821 2076 Virtus
846 2024 968 2089 nostra,
989 2015 1125 2077 domine
1151 2016 1242 2090 deus,
1257 2016 1346 2076 vcra²
1364 2014 1431 2084 lux,
1488 2045 1491 2050 ·

322 2113 435 2164 eterna
450 2101 548 2177 salus,
563 2111 636 2164 esto
652 2101 814 2183 refugium
833 2114 981 2164 nostrum
999 2103 1031 2164 in
1047 2102 1102 2164 die
1114 2113 1225 2163 nostre
1236 2100 1434 2163 afflictionis.

322 2187 356 2265 ἲ]
381 2190 458 2270 lpse
474 2189 625 2251 liberavit
640 2209 702 2251 me.
833 2190 868 2272 lq
892 2190 945 2250 De
961 2188 1080 2270 laqueo
1094 2186 1340 2251 venantium*'

233 2275 278 2338 ln
290 2285 391 2338 estate
403 2276 477 2337 Ant
529 2275 582 2337 Tu
598 2275 814 2357 populum³...

323 2360 501 2439 VMedia
638 2362 804 2443 utsupra.

656 2659 712 2743 [In
728 2661 821 2724 tertia
837 2661 1013 2744 nocturna]

325 2823 380 2887 Ps.
397 2822 477 2886 xviii
566 2823 637 2889 celi
653 2834 864 2887 enarranta...
1312 2822 1434 2889 Gloria

234 2911 277 2974 [a
293 2912 434 2974 adveatu
449 2912 529 2974 Aut.
576 2911 655 2973 Nox
672 2912 870 2993 precessit...

234 3001 326 3062 Ante
346 2998 631 3080 quadragesimam
646 2998 726 3060 Aut.
773 2998 850 3060 Non
875 3010 954 3059 sunt
978 2996 1109 3079 loquele
1132 3017 1241 3081 neque
1265 3017 1434 3061 sermones

324 3105 465 3167 quorum
482 3104 547 3147 non
565 3085 741 3147 audiantur
756 3105 854 3147 voces
869 3083 1012 3146 eorum.b

236 3170 301 3235 'Iu
316 3172 567 3253 quadragesima
581 3172 663 3234 Ant.
709 3171 809 3252 Legis
824 3180 890 3247 tue,
906 3172 1050 3248 domine,
1065 3172 1256 3234 testimonio
1276 3192 1336 3234 nos
1357 3192 1436 3232 con·

323 3269 414 3321 verte
446 3270 481 3321 ut
512 3259 577 3321 tuis
608 3257 783 3320 illuminati
821 3259 985 3339 preceptis
1022 3280 1042 3321 a
1080 3259 1200 3321 nostris
1237 3260 1437 3321 mundemur
1533 3312 1535 3317 .

323 3345 461 3408 occultis
471 3352 506 3406 et
519 3344 563 3407 ab
578 3343 745 3407 alienis“

235 3433 279 3495 In
293 3442 394 3495 estate
410 3433 488 3494 Ant.
534 3432 727 3513 Sponsus...

322 3581 379 3644 Ps.
396 3582 458 3644 xix
548 3582 719 3646 Exaudiat
733 3591 768 3645 te
779 3582 976 3645 dominus..
1313 3579 1434 3643 Gloria

236 3669 279 3731 ln
293 3670 436 3732 adveatu
452 3669 532 3731 Ant.
580 3670 675 3731 Hora
690 3681 782 3732 est...

236 3759 326 3820 Arate
340 3756 624 3837 quadragesimam
639 3757 718 3819 Ant.
766 3756 939 3820 Exaudiat
954 3764 988 3819 te
1004 3756 1158 3819 dominus
1174 3756 1207 3819 in
1226 3756 1280 3820 die
1301 3759 1437 3822 tribula·

323 3844 446 3905 tionisc

236 3929 300 3992 *la
316 3929 569 4011 quadragesima
583 3930 663 3991 Ant.
708 3928 845 3993 Exaudi
869 3951 930 3993 nos
958 3930 991 3993 in
1016 3932 1071 3994 die
1086 3951 1153 4014 qua
1177 3930 1437 3995 invocaverimus

325 4037 447 4078 nomen
464 4028 568 4088 tuum,
585 4016 772 4079 domine.”

236 4102 276 4165 Iu
291 4113 391 4166 estate
405 4103 436 4165 A
442 4113 485 4165 nt.
530 4102 762 4166 Auxilium...

300 4382 685 4446 ‘UbasagaptoPs.xx.2.
721 4383 778 4432 Sar.
793 4382 818 4432 ii.
834 4394 873 4447 aa

304 4460 420 4508 ''Whas
434 4461 580 4524 l'receptum
591 4461 717 4510 domini...
752 4463 809 4510 Sar.
825 4461 849 4509 ii.
865 4472 904 4525 25
941 4460 1011 4510 York
1023 4460 1069 4511 has
1081 4460 1123 4511 the
1134 4461 1223 4521 above,
1237 4461 1262 4511 ii.
1279 4474 1334 4525 747.

300 4538 570 4601 ‘Whaslmp!eat...
603 4540 661 4587 Sar.
675 4538 753 4602 ii.25.
787 4539 1104 4600 t'orkhastheabove,it
1120 4539 1175 4602 748.

301 4766 310 4799 ¹
326 4769 359 4817 W
370 4767 470 4819 domine
480 4786 565 4820 aurem
576 4780 652 4819 tuam.
1122 4766 1134 4800 ¹
1150 4770 1183 4819 W
1190 4772 1335 4822 omitsrera.

299 4833 311 4865 ³
328 4835 435 4887 HPWU
448 4838 498 4885 and
510 4836 599 4886 Sarum
611 4836 687 4888 MSS.
701 4834 765 4885 have
776 4835 809 4886 ab
820 4835 891 4887 hoste
903 4835 1052 4902 redemptor.
1125 4838 1136 4868 ⁴
1148 4838 1197 4886 ΗΡ
1206 4838 1268 4888 have
1280 4849 1431 4903 perpetuam.

1240 4918 1304 4967 132
