3600 5834
544 760 593 810 IN
603 760 754 812 NATALI
770 762 887 813 UNIUS
904 763 1160 814 CONFESSORIS.
1421 767 1452 831 67

739 996 801 1060 ΑΙ)
825 1010 972 1061 ΝοΙΙΑΙΙ.

253 1107 334 1170 Ant.
359 1106 460 1172 Serve
475 1108 571 1172 bone

249 1193 458 1277 ‘Capitulum
481 1196 714 1277 responsorium
736 1206 768 1259 et
788 1217 901 1259 versus
922 1196 970 1259 ad
987 1196 1085 1260 horas
1106 1207 1262 1279 utsupra
1285 1199 1320 1261 in
1337 1199 1433 1260 natal
1438 1198 1446 1211 ’

337 1281 437 1344 unius
450 1284 639 1363 confessoris
652 1293 684 1347 ct
689 1284 854 1367 pontificis
869 1304 980 1346 nouem
995 1285 1232 1349 lectionurn.*'⁸

251 1860 303 1923 lN
342 1858 528 1924 NATALI
572 1860 725 1925 UNIUS
767 1858 1095 1927 CONFESSORIS
1139 1859 1239 1926 NON
1284 1861 1444 1928 PONTI-

338 1971 461 2036 FlClS
492 1971 589 2034 VEL
618 1972 828 2037 ABBATIS
860 1973 1031 2038 NOVEM
1064 1973 1361 2039 LECTIONUM.

709 2161 770 2224 ΑΙ)
793 2174 986 2224 vusnuuns.

249 2320 282 2383 Α
287 2329 332 2384 nt.
356 2319 520 2385 Similabo
534 2340 611 2383 eum
627 2319 750 2382 viro¹...
1056 2320 1190 2384 Psalmi
1192 2321 1338 2400 ferrules.

254 2406 329 2488 Cap.
354 2408 466 2472 Iustus
481 2427 691 2470 corsuum...

250 2495 288 2572 R?
309 2493 433 2580 Sancte
450 2494 523 2557 N...

255 2580 413 2660 Hymnus.
439 2581 508 2644 Iste
522 2580 697 2643 confessor.
1059 2578 1093 2657 N
1115 2580 1253 2643 Amavit
1270 2601 1354 2643 eum.

250 2667 332 2730 Ant.
358 2669 486 2730 lustum
503 2667 699 2730 deduxit...'
1053 2668 1109 2730 ΡΙ.
1135 2667 1337 2749 Magnificat.

251 2753 373 2817 Oratio.
398 2755 529 2819 Adesto
551 2754 687 2817 domine
709 2751 1018 2834 supplicationibus³
1034 2756 1154 2817 nostris
1176 2776 1259 2836 quas
1282 2755 1315 2817 in
1339 2756 1443 2818 sancti

338 2840 379 2903 N.
395 2841 591 2903 confessoris
607 2842 653 2903 tui
667 2840 877 2903 sollennitate
889 2840 1067 2903 deserimus
1079 2842 1180 2922 utqui
1193 2852 1304 2904 nostre
1317 2842 1445 2922 justitie

339 2926 493 2990 fiduciam
511 2947 576 2990 non
592 2927 762 3002 habemus,
773 2926 845 3007 ejus
859 2928 916 3008 qui
932 2929 992 2990 tibi
1009 2928 1134 3010 placuit
1146 2928 1296 3010 precibus
1309 2929 1444 3009 adjuve-

341 3035 420 3077 mur.
467 3014 535 3077 Per.

249 3100 299 3162 Et
313 3100 348 3163 in
365 3102 473 3164 natali
485 3101 584 3164 unius
598 3100 731 3163 abbatis
740 3100 864 3162 dicitur
876 3098 931 3162 lter
943 3101 1054 3164 oratio

340 3188 536 3280 Intercessio
552 3208 621 3263 nos,
631 3208 809 3269 quesumus
825 3187 961 3249 domine
976 3188 1063 3251 beati
1082 3187 1122 3249 N.
1133 3187 1263 3251 abbatis
1279 3189 1338 3251 tibi
1355 3209 1444 3251 com-

338 3276 473 3337 mendet
489 3284 526 3337 ut
541 3274 631 3356 quod
649 3276 768 3336 nostris
785 3276 909 3336 meritis
925 3295 991 3337 non
1008 3276 1155 3337 valemus
1171 3275 1243 3356 ejus
1260 3278 1445 3358 patrocinio

339 3362 577 3444 assequamur.⁴
623 3361 684 3424 Per
699 3362 883 3425 dominum.

694 3623 757 3714 ΑΙ)
781 3636 1011 3687 timuimus.

249 3772 492 3837 Invitotorium.
518 3771 633 3835 Unum
653 3771 810 3833 (ΙΙΙΙΙΙΙ...δ
1106 3768 1161 3831 Ps.
1184 3768 1313 3833 Venite.

248 3860 318 3924 *Et
330 3861 378 3923 sic
390 3860 513 3922 dicitur
532 3859 588 3920 lzoc
609 3857 836 3919 invitatorium
859 3856 894 3918 in
916 3856 1064 3919 omnibus
1075 3856 1177 3935 festas
1198 3857 1297 3919 unius
1318 3856 1443 3920 abbatis

335 3948 389 4009 uel
407 3945 596 4022 confessoris
620 3966 681 4007 non
704 3943 868 4024 pontificis⁴
897 3963 1009 4005 novem
1038 3943 1212 4005 lectionum.
1258 3944 1443 4025 Antiphone

328 4033 456 4115 psalmi
467 4042 499 4095 et
512 4052 623 4094 versus
646 4031 680 4093 in
704 4031 867 4093 nocturnis
889 4040 926 4092 ut
946 4041 1044 4109 sopora
1068 4030 1102 4091 in
1125 4031 1234 4092 natali
1254 4032 1352 4093 unius
1373 4054 1443 4093 cou-

327 4120 507 4198 fessorzlret
510 4117 674 4199 pontificis
683 4138 793 4179 trorum
803 4118 978 4179 lectionum.
1018 4116 1142 4178 Novem
1155 4116 1298 4179 lectiones
1297 4118 1441 4199 fiont.**

247 4208 355 4271 Lectio
370 4208 391 4269 i.
416 4206 535 4270 Servus
546 4207 601 4286 qui
615 4205 784 4288 geminata
799 4205 927 4267 talenta
944 4204 1077 4278 rettulit,
1093 4203 1262 4265 adomino
1276 4204 1438 4268 laudatur.

335 4302 436 4376 atque
459 4293 501 4355 ad
533 4302 682 4355 eternam
721 4292 1019 4354 remunerationem
1057 4290 1247 4372 perducitur
1283 4293 1371 4353 ⁶cum
1410 4294 1439 4353 ci

312 4611 323 4635 ³
342 4603 369 4652 H
380 4602 451 4665 gives
461 4601 504 4651 the
515 4616 574 4650 coes
584 4599 610 4648 in
622 4598 697 4649 much
707 4606 803 4662 greater
814 4598 900 4647 detail.

339 4681 371 4728 W
383 4679 445 4729 does
455 4688 498 4729 not
510 4680 567 4743 give
579 4677 628 4728 this
639 4677 732 4727 seclion
744 4686 769 4725 at
780 4677 821 4724 all.

313 4755 321 4787 ¹
337 4760 396 4808 Sar.
410 4758 436 4807 ii.
450 4756 505 4817 428.
768 4754 778 4785 ²
794 4755 852 4801 Sar.
870 4752 894 4801 ii.
908 4764 964 4814 409.

311 4837 322 4866 ⁴
337 4838 371 4885 W
382 4849 569 4899 consequamur.
765 4829 776 4861 ⁸
794 4831 855 4879 HW
871 4846 917 4880 cue
929 4832 995 4893 only.
