<?xml version="1.0" encoding="UTF-8"?>
<!DOCTYPE html PUBLIC "-//W3C//DTD XHTML 1.0 Transitional//EN"
    "http://www.w3.org/TR/xhtml1/DTD/xhtml1-transitional.dtd">
<html xmlns="http://www.w3.org/1999/xhtml" xml:lang="en" lang="en">
 <head>
  <title>
</title>
<meta http-equiv="Content-Type" content="text/html;charset=utf-8" />
  <meta name='ocr-system' content='tesseract 3.04.00' />
  <meta name='ocr-capabilities' content='ocr_page ocr_carea ocr_par ocr_line ocrx_word'/>
</head>
<body>
  <div class='ocr_page' id='page_1' title='image "./herefordbreviar00diogoog_0216.png"; bbox 0 0 3600 5834; ppageno 0'>
   <div class='ocr_carea' id='block_1_1' title="bbox 756 735 1135 784">
    <p class='ocr_par' dir='ltr' id='par_1_1' title="bbox 756 735 1135 784">
     <span class='ocr_line' id='line_1_1' title="bbox 756 735 1135 784; baseline -0.003 -1"><span class='ocrx_word' id='word_1_1' title='bbox 756 736 802 784; x_wconf 70' lang='lat' dir='ltr'>m*</span> <span class='ocrx_word' id='word_1_2' title='bbox 816 736 887 784; x_wconf 84' lang='lat' dir='ltr'>DIE</span> <span class='ocrx_word' id='word_1_3' title='bbox 903 735 1135 784; x_wconf 73' lang='lat' dir='ltr'>EPYPILlNlE.</span> 
     </span>
    </p>
   </div>
   <div class='ocr_carea' id='block_1_2' title="bbox 831 985 1074 1047">
    <p class='ocr_par' dir='ltr' id='par_1_2' title="bbox 831 985 1074 1047">
     <span class='ocr_line' id='line_1_2' title="bbox 831 985 1074 1047; baseline -0.012 0"><span class='ocrx_word' id='word_1_4' title='bbox 831 985 892 1047; x_wconf 86' lang='lat' dir='ltr'>Au</span> <span class='ocrx_word' id='word_1_5' title='bbox 917 997 1074 1046; x_wconf 72' lang='lat' dir='ltr'>suumn.</span> 
     </span>
    </p>
   </div>
   <div class='ocr_carea' id='block_1_3' title="bbox 346 1147 1556 1561">
    <p class='ocr_par' dir='ltr' id='par_1_3' title="bbox 346 1147 714 1229">
     <span class='ocr_line' id='line_1_3' title="bbox 346 1147 714 1229; baseline 0.011 -19"><span class='ocrx_word' id='word_1_6' title='bbox 346 1147 509 1229; x_wconf 87' lang='lat' dir='ltr'><em>Hymnus.</em></span> <span class='ocrx_word' id='word_1_7' title='bbox 535 1149 607 1213; x_wconf 90' lang='lat' dir='ltr'>lam</span> <span class='ocrx_word' id='word_1_8' title='bbox 623 1148 714 1214; x_wconf 90' lang='lat' dir='ltr'>lucis.</span> 
     </span>
    </p>

    <p class='ocr_par' dir='ltr' id='par_1_4' title="bbox 347 1232 1532 1317">
     <span class='ocr_line' id='line_1_4' title="bbox 347 1232 1532 1317; baseline -0.003 -20"><span class='ocrx_word' id='word_1_9' title='bbox 347 1236 428 1299; x_wconf 81' lang='lat' dir='ltr'>Ant.</span> <span class='ocrx_word' id='word_1_10' title='bbox 451 1234 544 1300; x_wconf 88' lang='lat' dir='ltr'>Ante</span> <span class='ocrx_word' id='word_1_11' title='bbox 560 1236 741 1299; x_wconf 86' lang='lat' dir='ltr'>luciferum.</span> <span class='ocrx_word' id='word_1_12' title='bbox 786 1236 844 1299; x_wconf 90' lang='lat' dir='ltr'>Ps.</span> <span class='ocrx_word' id='word_1_13' title='bbox 869 1236 962 1299; x_wconf 92' lang='lat' dir='ltr'>Deus</span> <span class='ocrx_word' id='word_1_14' title='bbox 979 1235 1013 1297; x_wconf 92' lang='lat' dir='ltr'>in</span> <span class='ocrx_word' id='word_1_15' title='bbox 1030 1233 1174 1296; x_wconf 89' lang='lat' dir='ltr'>nomine.</span> <span class='ocrx_word' id='word_1_16' title='bbox 1219 1234 1289 1317; x_wconf 85' lang='lat' dir='ltr'>[Ps.</span> <span class='ocrx_word' id='word_1_17' title='bbox 1308 1232 1532 1317; x_wconf 81' lang='lat' dir='ltr'>Quicunque]</span> 
     </span>
    </p>

    <p class='ocr_par' dir='ltr' id='par_1_5' title="bbox 347 1319 1457 1404">
     <span class='ocr_line' id='line_1_5' title="bbox 347 1319 1457 1404; baseline -0.002 -19"><span class='ocrx_word' id='word_1_18' title='bbox 347 1324 390 1404; x_wconf 59' lang='lat' dir='ltr'>lu.</span> <span class='ocrx_word' id='word_1_19' title='bbox 417 1323 492 1387; x_wconf 91' lang='lat' dir='ltr'>lesu</span> <span class='ocrx_word' id='word_1_20' title='bbox 509 1324 631 1387; x_wconf 86' lang='lat' dir='ltr'>christe</span> <span class='ocrx_word' id='word_1_21' title='bbox 645 1343 718 1385; x_wconf 86' lang='lat' dir='ltr'>cum</span> <span class='ocrx_word' id='word_1_22' title='bbox 734 1322 888 1404; x_wconf 86' lang='lat' dir='ltr'>alleluya.</span> <span class='ocrx_word' id='word_1_23' title='bbox 999 1319 1041 1399; x_wconf 71' lang='lat' dir='ltr'>lis.</span> <span class='ocrx_word' id='word_1_24' title='bbox 1065 1321 1132 1403; x_wconf 84' lang='lat' dir='ltr'>Qui</span> <span class='ocrx_word' id='word_1_25' title='bbox 1148 1323 1332 1404; x_wconf 87' lang='lat' dir='ltr'>apparuisti</span> <span class='ocrx_word' id='word_1_26' title='bbox 1349 1320 1457 1384; x_wconf 89' lang='lat' dir='ltr'>hodie.</span> 
     </span>
    </p>

    <p class='ocr_par' dir='ltr' id='par_1_6' title="bbox 348 1405 1556 1561">
     <span class='ocr_line' id='line_1_6' title="bbox 348 1405 1556 1491; baseline -0.004 -18"><span class='ocrx_word' id='word_1_27' title='bbox 348 1410 418 1473; x_wconf 87' lang='lat' dir='ltr'>Hic</span> <span class='ocrx_word' id='word_1_28' title='bbox 440 1431 552 1473; x_wconf 81' lang='lat' dir='ltr'>versus</span> <span class='ocrx_word' id='word_1_29' title='bbox 574 1410 706 1473; x_wconf 77' lang='lat' dir='ltr'>dicatur</span> <span class='ocrx_word' id='word_1_30' title='bbox 727 1410 870 1491; x_wconf 81' lang='lat' dir='ltr'><em>quotidie</em></span> <span class='ocrx_word' id='word_1_31' title='bbox 892 1409 941 1473; x_wconf 85' lang='lat' dir='ltr'>ud</span> <span class='ocrx_word' id='word_1_32' title='bbox 955 1408 1103 1490; x_wconf 76' lang='lat' dir='ltr'>primam</span> <span class='ocrx_word' id='word_1_33' title='bbox 1120 1419 1184 1490; x_wconf 76' lang='lat' dir='ltr'>per</span> <span class='ocrx_word' id='word_1_34' title='bbox 1196 1419 1326 1472; x_wconf 85' lang='lat' dir='ltr'>octuuus</span> <span class='ocrx_word' id='word_1_35' title='bbox 1340 1419 1371 1471; x_wconf 79' lang='lat' dir='ltr'>et</span> <span class='ocrx_word' id='word_1_36' title='bbox 1397 1409 1432 1469; x_wconf 84' lang='lat' dir='ltr'>z&#39;n</span> <span class='ocrx_word' id='word_1_37' title='bbox 1448 1405 1556 1489; x_wconf 82' lang='lat' dir='ltr'>[ipsis]</span> 
     </span>
     <span class='ocr_line' id='line_1_7' title="bbox 434 1498 565 1561; baseline 0 -1"><span class='ocrx_word' id='word_1_38' title='bbox 434 1498 565 1561; x_wconf 82' lang='lat' dir='ltr'>octauis.</span> 
     </span>
    </p>
   </div>
   <div class='ocr_carea' id='block_1_4' title="bbox 819 1734 1086 1799">
    <p class='ocr_par' dir='ltr' id='par_1_7' title="bbox 819 1734 1086 1799">
     <span class='ocr_line' id='line_1_8' title="bbox 819 1734 1086 1799; baseline 0.004 -2"><span class='ocrx_word' id='word_1_39' title='bbox 819 1734 881 1797; x_wconf 81' lang='lat' dir='ltr'>An</span> <span class='ocrx_word' id='word_1_40' title='bbox 905 1747 1086 1799; x_wconf 62' lang='lat' dir='ltr'>usnemu.</span> 
     </span>
    </p>
   </div>
   <div class='ocr_carea' id='block_1_5' title="bbox 348 1896 1511 2501">
    <p class='ocr_par' dir='ltr' id='par_1_8' title="bbox 348 1896 1511 2501">
     <span class='ocr_line' id='line_1_9' title="bbox 348 1896 1163 1979; baseline 0 -19"><span class='ocrx_word' id='word_1_41' title='bbox 348 1897 428 1960; x_wconf 85' lang='lat' dir='ltr'>Aut.</span> <span class='ocrx_word' id='word_1_42' title='bbox 451 1897 554 1961; x_wconf 84' lang='lat' dir='ltr'><strong>Venit</strong></span> <span class='ocrx_word' id='word_1_43' title='bbox 571 1896 693 1961; x_wconf 86' lang='lat' dir='ltr'>lumen.</span> <span class='ocrx_word' id='word_1_44' title='bbox 842 1897 898 1961; x_wconf 86' lang='lat' dir='ltr'>Ps.</span> <span class='ocrx_word' id='word_1_45' title='bbox 923 1896 1050 1979; x_wconf 87' lang='lat' dir='ltr'>Legem</span> <span class='ocrx_word' id='word_1_46' title='bbox 1068 1917 1163 1978; x_wconf 90' lang='lat' dir='ltr'>pone.</span> 
     </span>
     <span class='ocr_line' id='line_1_10' title="bbox 351 1983 890 2066; baseline -0.006 -17"><span class='ocrx_word' id='word_1_47' title='bbox 351 1983 548 2066; x_wconf 84' lang='lat' dir='ltr'><em>Capitulum.</em></span> <span class='ocrx_word' id='word_1_48' title='bbox 573 1983 680 2066; x_wconf 88' lang='lat' dir='ltr'>Surge</span> <span class='ocrx_word' id='word_1_49' title='bbox 696 1984 890 2048; x_wconf 91' lang='lat' dir='ltr'>illuminare.</span> 
     </span>
     <span class='ocr_line' id='line_1_11' title="bbox 349 2068 1341 2152; baseline -0.006 -15"><span class='ocrx_word' id='word_1_50' title='bbox 349 2072 393 2152; x_wconf 75' lang='lat' dir='ltr'>Rl.</span> <span class='ocrx_word' id='word_1_51' title='bbox 417 2070 546 2137; x_wconf 91' lang='lat' dir='ltr'>Omnes</span> <span class='ocrx_word' id='word_1_52' title='bbox 561 2070 603 2134; x_wconf 94' lang='lat' dir='ltr'>de</span> <span class='ocrx_word' id='word_1_53' title='bbox 619 2072 743 2136; x_wconf 90' lang='lat' dir='ltr'>saba...</span> <span class='ocrx_word' id='word_1_54' title='bbox 845 2068 886 2148; x_wconf 71' lang='lat' dir='ltr'>lis.</span> <span class='ocrx_word' id='word_1_55' title='bbox 911 2070 1084 2133; x_wconf 88' lang='lat' dir='ltr'>Aurum...</span> <span class='ocrx_word' id='word_1_56' title='bbox 1175 2068 1341 2152; x_wconf 87' lang='lat' dir='ltr'>Alleluya.</span> 
     </span>
     <span class='ocr_line' id='line_1_12' title="bbox 853 2154 1270 2240; baseline -0.007 -19"><span class='ocrx_word' id='word_1_57' title='bbox 853 2157 976 2222; x_wconf 87' lang='lat' dir='ltr'>Gloria.</span> <span class='ocrx_word' id='word_1_58' title='bbox 1066 2159 1109 2240; x_wconf 56' lang='lat' dir='ltr'>lh.</span> <span class='ocrx_word' id='word_1_59' title='bbox 1134 2154 1270 2220; x_wconf 90' lang='lat' dir='ltr'>Omnes.</span> 
     </span>
     <span class='ocr_line' id='line_1_13' title="bbox 350 2242 671 2328; baseline -0.003 -20"><span class='ocrx_word' id='word_1_60' title='bbox 350 2242 391 2322; x_wconf 76' lang='lat' dir='ltr'>lis.</span> <span class='ocrx_word' id='word_1_61' title='bbox 416 2245 527 2328; x_wconf 87' lang='lat' dir='ltr'>Reges</span> <span class='ocrx_word' id='word_1_62' title='bbox 541 2245 671 2309; x_wconf 86' lang='lat' dir='ltr'>tharsis.</span> 
     </span>
     <span class='ocr_line' id='line_1_14' title="bbox 352 2330 851 2414; baseline -0.002 -19"><span class='ocrx_word' id='word_1_63' title='bbox 352 2330 474 2396; x_wconf 85' lang='lat' dir='ltr'>Oratio.</span> <span class='ocrx_word' id='word_1_64' title='bbox 498 2332 592 2396; x_wconf 92' lang='lat' dir='ltr'>Deus</span> <span class='ocrx_word' id='word_1_65' title='bbox 608 2334 665 2414; x_wconf 89' lang='lat' dir='ltr'>qui</span> <span class='ocrx_word' id='word_1_66' title='bbox 681 2331 851 2394; x_wconf 88' lang='lat' dir='ltr'>hodierna.</span> 
     </span>
     <span class='ocr_line' id='line_1_15' title="bbox 350 2415 1511 2501; baseline -0.002 -20"><span class='ocrx_word' id='word_1_67' title='bbox 350 2417 420 2481; x_wconf 72' lang='lat' dir='ltr'>*Et</span> <span class='ocrx_word' id='word_1_68' title='bbox 433 2419 559 2482; x_wconf 83' lang='lat' dir='ltr'>dicetur</span> <span class='ocrx_word' id='word_1_69' title='bbox 572 2421 621 2483; x_wconf 82' lang='lat' dir='ltr'>ad</span> <span class='ocrx_word' id='word_1_70' title='bbox 631 2439 739 2482; x_wconf 81' lang='lat' dir='ltr'>omues</span> <span class='ocrx_word' id='word_1_71' title='bbox 753 2415 851 2481; x_wconf 77' lang='lat' dir='ltr'>horas</span> <span class='ocrx_word' id='word_1_72' title='bbox 859 2430 923 2501; x_wconf 83' lang='lat' dir='ltr'>per</span> <span class='ocrx_word' id='word_1_73' title='bbox 935 2428 1066 2482; x_wconf 85' lang='lat' dir='ltr'>octauas</span> <span class='ocrx_word' id='word_1_74' title='bbox 1080 2418 1141 2482; x_wconf 82' lang='lat' dir='ltr'>sed</span> <span class='ocrx_word' id='word_1_75' title='bbox 1151 2439 1213 2481; x_wconf 81' lang='lat' dir='ltr'>nou</span> <span class='ocrx_word' id='word_1_76' title='bbox 1230 2418 1264 2481; x_wconf 85' lang='lat' dir='ltr'>iu</span> <span class='ocrx_word' id='word_1_77' title='bbox 1280 2428 1393 2480; x_wconf 81' lang='lat' dir='ltr'>octaua</span> <span class='ocrx_word' id='word_1_78' title='bbox 1408 2417 1511 2480; x_wconf 55' lang='lat' dir='ltr'>duf*</span> 
     </span>
    </p>
   </div>
   <div class='ocr_carea' id='block_1_6' title="bbox 830 2650 1077 2715">
    <p class='ocr_par' dir='ltr' id='par_1_9' title="bbox 830 2650 1077 2715">
     <span class='ocr_line' id='line_1_16' title="bbox 830 2650 1077 2715; baseline -0.004 -2"><span class='ocrx_word' id='word_1_79' title='bbox 830 2650 892 2713; x_wconf 84' lang='lat' dir='ltr'>Au</span> <span class='ocrx_word' id='word_1_80' title='bbox 916 2663 1077 2715; x_wconf 71' lang='lat' dir='ltr'>suxsnn.</span> 
     </span>
    </p>
   </div>
   <div class='ocr_carea' id='block_1_7' title="bbox 350 2804 1558 3325">
    <p class='ocr_par' dir='ltr' id='par_1_10' title="bbox 350 2804 1121 2889">
     <span class='ocr_line' id='line_1_17' title="bbox 350 2804 1121 2889; baseline 0.004 -23"><span class='ocrx_word' id='word_1_81' title='bbox 350 2804 431 2868; x_wconf 82' lang='lat' dir='ltr'>Ant.</span> <span class='ocrx_word' id='word_1_82' title='bbox 447 2806 593 2889; x_wconf 86' lang='lat' dir='ltr'>Apertis.</span> <span class='ocrx_word' id='word_1_83' title='bbox 898 2808 956 2871; x_wconf 85' lang='lat' dir='ltr'>Ps.</span> <span class='ocrx_word' id='word_1_84' title='bbox 982 2806 1121 2869; x_wconf 81' lang='lat' dir='ltr'>Defecit.</span> 
     </span>
    </p>

    <p class='ocr_par' dir='ltr' id='par_1_11' title="bbox 354 2891 1558 3148">
     <span class='ocr_line' id='line_1_18' title="bbox 354 2891 1558 2975; baseline -0.003 -19"><span class='ocrx_word' id='word_1_85' title='bbox 354 2891 551 2974; x_wconf 80' lang='lat' dir='ltr'>Capitulum.</span> <span class='ocrx_word' id='word_1_86' title='bbox 574 2894 676 2958; x_wconf 87' lang='lat' dir='ltr'>Venit</span> <span class='ocrx_word' id='word_1_87' title='bbox 693 2893 806 2957; x_wconf 88' lang='lat' dir='ltr'>lumen</span> <span class='ocrx_word' id='word_1_88' title='bbox 823 2904 917 2957; x_wconf 90' lang='lat' dir='ltr'>tuum</span> <span class='ocrx_word' id='word_1_89' title='bbox 935 2894 1133 2958; x_wconf 89' lang='lat' dir='ltr'>hierusalem</span> <span class='ocrx_word' id='word_1_90' title='bbox 1150 2903 1183 2955; x_wconf 91' lang='lat' dir='ltr'>et</span> <span class='ocrx_word' id='word_1_91' title='bbox 1199 2893 1303 2975; x_wconf 87' lang='lat' dir='ltr'>gloria</span> <span class='ocrx_word' id='word_1_92' title='bbox 1314 2892 1442 2955; x_wconf 89' lang='lat' dir='ltr'>domini</span> <span class='ocrx_word' id='word_1_93' title='bbox 1458 2911 1558 2974; x_wconf 90' lang='lat' dir='ltr'>super</span> 
     </span>
     <span class='ocr_line' id='line_1_19' title="bbox 437 2978 1556 3064; baseline -0.001 -22"><span class='ocrx_word' id='word_1_94' title='bbox 437 2990 471 3042; x_wconf 91' lang='lat' dir='ltr'>te</span> <span class='ocrx_word' id='word_1_95' title='bbox 486 2990 560 3045; x_wconf 90' lang='lat' dir='ltr'>orta</span> <span class='ocrx_word' id='word_1_96' title='bbox 575 2991 634 3057; x_wconf 88' lang='lat' dir='ltr'>est,</span> <span class='ocrx_word' id='word_1_97' title='bbox 650 2991 683 3044; x_wconf 90' lang='lat' dir='ltr'>et</span> <span class='ocrx_word' id='word_1_98' title='bbox 699 2981 922 3044; x_wconf 88' lang='lat' dir='ltr'>ambulabunt</span> <span class='ocrx_word' id='word_1_99' title='bbox 937 2992 1055 3064; x_wconf 89' lang='lat' dir='ltr'>gentes</span> <span class='ocrx_word' id='word_1_100' title='bbox 1072 2982 1105 3043; x_wconf 94' lang='lat' dir='ltr'>in</span> <span class='ocrx_word' id='word_1_101' title='bbox 1122 2979 1247 3043; x_wconf 88' lang='lat' dir='ltr'>lumine</span> <span class='ocrx_word' id='word_1_102' title='bbox 1268 2978 1339 3053; x_wconf 73' lang='lat' dir='ltr'>tusi</span> <span class='ocrx_word' id='word_1_103' title='bbox 1354 2989 1388 3042; x_wconf 86' lang='lat' dir='ltr'>et</span> <span class='ocrx_word' id='word_1_104' title='bbox 1412 2999 1507 3062; x_wconf 88' lang='lat' dir='ltr'>reges</span> <span class='ocrx_word' id='word_1_105' title='bbox 1523 2978 1556 3041; x_wconf 93' lang='lat' dir='ltr'>in</span> 
     </span>
     <span class='ocr_line' id='line_1_20' title="bbox 436 3066 821 3148; baseline 0.005 -19"><span class='ocrx_word' id='word_1_106' title='bbox 436 3066 614 3148; x_wconf 87' lang='lat' dir='ltr'>splendore</span> <span class='ocrx_word' id='word_1_107' title='bbox 630 3078 722 3132; x_wconf 92' lang='lat' dir='ltr'>ortus</span> <span class='ocrx_word' id='word_1_108' title='bbox 738 3066 821 3142; x_wconf 75' lang='lat' dir='ltr'>tuol.</span> 
     </span>
    </p>

    <p class='ocr_par' dir='ltr' id='par_1_12' title="bbox 350 3152 1514 3238">
     <span class='ocr_line' id='line_1_21' title="bbox 350 3152 1514 3238; baseline -0.002 -21"><span class='ocrx_word' id='word_1_109' title='bbox 350 3154 394 3234; x_wconf 54' lang='lat' dir='ltr'>lu.</span> <span class='ocrx_word' id='word_1_110' title='bbox 419 3154 530 3238; x_wconf 88' lang='lat' dir='ltr'>Reges</span> <span class='ocrx_word' id='word_1_111' title='bbox 546 3155 708 3219; x_wconf 86' lang='lat' dir='ltr'>tharsis...</span> <span class='ocrx_word' id='word_1_112' title='bbox 756 3153 797 3231; x_wconf 74' lang='lat' dir='ltr'>lif.</span> <span class='ocrx_word' id='word_1_113' title='bbox 822 3155 934 3238; x_wconf 91' lang='lat' dir='ltr'>Reges</span> <span class='ocrx_word' id='word_1_114' title='bbox 950 3155 1130 3218; x_wconf 91' lang='lat' dir='ltr'>arabum...</span> <span class='ocrx_word' id='word_1_115' title='bbox 1177 3152 1345 3236; x_wconf 83' lang='lat' dir='ltr'>Alleluya.</span> <span class='ocrx_word' id='word_1_116' title='bbox 1393 3154 1514 3218; x_wconf 83' lang='lat' dir='ltr'>Gloria</span> 
     </span>
    </p>

    <p class='ocr_par' dir='ltr' id='par_1_13' title="bbox 351 3238 1310 3325">
     <span class='ocr_line' id='line_1_22' title="bbox 351 3238 1310 3325; baseline -0.002 -21"><span class='ocrx_word' id='word_1_117' title='bbox 351 3238 392 3317; x_wconf 64' lang='lat' dir='ltr'>Y.</span> <span class='ocrx_word' id='word_1_118' title='bbox 415 3240 569 3305; x_wconf 87' lang='lat' dir='ltr'>Adorate</span> <span class='ocrx_word' id='word_1_119' title='bbox 586 3244 769 3306; x_wconf 92' lang='lat' dir='ltr'>dominum.</span> <span class='ocrx_word' id='word_1_120' title='bbox 816 3243 881 3325; x_wconf 68' lang='lat' dir='ltr'>*Ru</span> <span class='ocrx_word' id='word_1_121' title='bbox 908 3242 947 3304; x_wconf 91' lang='lat' dir='ltr'>ln</span> <span class='ocrx_word' id='word_1_122' title='bbox 964 3242 1040 3304; x_wconf 91' lang='lat' dir='ltr'>aula</span> <span class='ocrx_word' id='word_1_123' title='bbox 1056 3250 1173 3305; x_wconf 89' lang='lat' dir='ltr'>sancta</span> <span class='ocrx_word' id='word_1_124' title='bbox 1188 3240 1310 3303; x_wconf 70' lang='lat' dir='ltr'>eius.**</span> 
     </span>
    </p>
   </div>
   <div class='ocr_carea' id='block_1_8' title="bbox 836 3478 1070 3542">
    <p class='ocr_par' dir='ltr' id='par_1_14' title="bbox 836 3478 1070 3542">
     <span class='ocr_line' id='line_1_23' title="bbox 836 3478 1070 3542; baseline -0.009 0"><span class='ocrx_word' id='word_1_125' title='bbox 836 3478 898 3542; x_wconf 86' lang='lat' dir='ltr'>Au</span> <span class='ocrx_word' id='word_1_126' title='bbox 923 3491 1070 3542; x_wconf 74' lang='lat' dir='ltr'>uosau.</span> 
     </span>
    </p>
   </div>
   <div class='ocr_carea' id='block_1_9' title="bbox 349 3636 1414 3983">
    <p class='ocr_par' dir='ltr' id='par_1_15' title="bbox 349 3636 1092 3701">
     <span class='ocr_line' id='line_1_24' title="bbox 349 3636 1092 3701; baseline -0.003 0"><span class='ocrx_word' id='word_1_127' title='bbox 349 3638 431 3701; x_wconf 83' lang='lat' dir='ltr'>Ant.</span> <span class='ocrx_word' id='word_1_128' title='bbox 455 3636 571 3701; x_wconf 86' lang='lat' dir='ltr'>Stella.</span> <span class='ocrx_word' id='word_1_129' title='bbox 834 3638 890 3701; x_wconf 89' lang='lat' dir='ltr'>Ps.</span> <span class='ocrx_word' id='word_1_130' title='bbox 916 3638 1092 3701; x_wconf 86' lang='lat' dir='ltr'>Mirabilia.</span> 
     </span>
    </p>

    <p class='ocr_par' dir='ltr' id='par_1_16' title="bbox 353 3722 1329 3808">
     <span class='ocr_line' id='line_1_25' title="bbox 353 3722 1329 3808; baseline -0.001 -19"><span class='ocrx_word' id='word_1_131' title='bbox 353 3722 549 3807; x_wconf 80' lang='lat' dir='ltr'>Capitulum.</span> <span class='ocrx_word' id='word_1_132' title='bbox 574 3723 668 3789; x_wconf 92' lang='lat' dir='ltr'>Leua</span> <span class='ocrx_word' id='word_1_133' title='bbox 684 3725 717 3788; x_wconf 92' lang='lat' dir='ltr'>in</span> <span class='ocrx_word' id='word_1_134' title='bbox 733 3726 975 3790; x_wconf 78' lang='lat' dir='ltr'>circuitu...tue</span> <span class='ocrx_word' id='word_1_135' title='bbox 991 3723 1034 3788; x_wconf 93' lang='lat' dir='ltr'>de</span> <span class='ocrx_word' id='word_1_136' title='bbox 1049 3725 1152 3789; x_wconf 88' lang='lat' dir='ltr'>latere</span> <span class='ocrx_word' id='word_1_137' title='bbox 1167 3737 1329 3808; x_wconf 72' lang='lat' dir='ltr'>surgent.³²</span> 
     </span>
    </p>

    <p class='ocr_par' dir='ltr' id='par_1_17' title="bbox 349 3810 1414 3983">
     <span class='ocr_line' id='line_1_26' title="bbox 349 3810 1414 3895; baseline -0.001 -19"><span class='ocrx_word' id='word_1_138' title='bbox 349 3811 392 3892; x_wconf 61' lang='grc' dir='ltr'>Κλ</span> <span class='ocrx_word' id='word_1_139' title='bbox 418 3811 610 3876; x_wconf 88' lang='lat' dir='ltr'>Adorate...</span> <span class='ocrx_word' id='word_1_140' title='bbox 702 3810 743 3888; x_wconf 69' lang='lat' dir='ltr'>lif.</span> <span class='ocrx_word' id='word_1_141' title='bbox 770 3814 808 3875; x_wconf 93' lang='lat' dir='ltr'>ln</span> <span class='ocrx_word' id='word_1_142' title='bbox 825 3812 942 3876; x_wconf 91' lang='lat' dir='ltr'>aula...</span> <span class='ocrx_word' id='word_1_143' title='bbox 1033 3811 1201 3895; x_wconf 86' lang='lat' dir='ltr'>Alleluya.</span> <span class='ocrx_word' id='word_1_144' title='bbox 1292 3814 1414 3877; x_wconf 86' lang='lat' dir='ltr'>Gloria.</span> 
     </span>
     <span class='ocr_line' id='line_1_27' title="bbox 350 3896 1283 3983; baseline 0.001 -22"><span class='ocrx_word' id='word_1_145' title='bbox 350 3896 393 3972; x_wconf 69' lang='lat' dir='ltr'>ll.</span> <span class='ocrx_word' id='word_1_146' title='bbox 417 3898 569 3962; x_wconf 85' lang='lat' dir='ltr'>Adorate</span> <span class='ocrx_word' id='word_1_147' title='bbox 585 3898 715 3962; x_wconf 86' lang='lat' dir='ltr'>deum.b</span> <span class='ocrx_word' id='word_1_148' title='bbox 846 3900 888 3981; x_wconf 60' lang='grc' dir='ltr'>Κ.</span> <span class='ocrx_word' id='word_1_149' title='bbox 915 3899 1043 3964; x_wconf 88' lang='lat' dir='ltr'>Omnes</span> <span class='ocrx_word' id='word_1_150' title='bbox 1059 3902 1169 3983; x_wconf 90' lang='lat' dir='ltr'>angeli</span> <span class='ocrx_word' id='word_1_151' title='bbox 1185 3900 1283 3963; x_wconf 87' lang='lat' dir='ltr'>eius.b</span> 
     </span>
    </p>
   </div>
   <div class='ocr_carea' id='block_1_10' title="bbox 709 4128 1209 4194">
    <p class='ocr_par' dir='ltr' id='par_1_18' title="bbox 709 4128 1209 4194">
     <span class='ocr_line' id='line_1_28' title="bbox 709 4128 1209 4194; baseline 0.008 -4"><span class='ocrx_word' id='word_1_152' title='bbox 709 4128 770 4190; x_wconf 81' lang='lat' dir='ltr'>Au</span> <span class='ocrx_word' id='word_1_153' title='bbox 794 4141 989 4193; x_wconf 76' lang='lat' dir='ltr'>sscuuuAs</span> <span class='ocrx_word' id='word_1_154' title='bbox 1012 4143 1209 4194; x_wconf 46' lang='lat' dir='ltr'>mussantis,</span> 
     </span>
    </p>
   </div>
   <div class='ocr_carea' id='block_1_11' title="bbox 349 4288 1390 4459">
    <p class='ocr_par' dir='ltr' id='par_1_19' title="bbox 349 4288 1390 4459">
     <span class='ocr_line' id='line_1_29' title="bbox 349 4288 1338 4371; baseline 0.001 -21"><span class='ocrx_word' id='word_1_155' title='bbox 349 4290 428 4353; x_wconf 81' lang='lat' dir='ltr'>Aut.</span> <span class='ocrx_word' id='word_1_156' title='bbox 453 4288 580 4352; x_wconf 90' lang='lat' dir='ltr'>Tecum</span> <span class='ocrx_word' id='word_1_157' title='bbox 597 4289 807 4371; x_wconf 87' lang='lat' dir='ltr'>principium.</span> <span class='ocrx_word' id='word_1_158' title='bbox 976 4290 1032 4352; x_wconf 86' lang='lat' dir='ltr'>Ps.</span> <span class='ocrx_word' id='word_1_159' title='bbox 1058 4289 1156 4353; x_wconf 84' lang='lat' dir='ltr'>Dixit</span> <span class='ocrx_word' id='word_1_160' title='bbox 1172 4291 1338 4353; x_wconf 89' lang='lat' dir='ltr'>dominus.</span> 
     </span>
     <span class='ocr_line' id='line_1_30' title="bbox 353 4375 1390 4459; baseline -0.003 -18"><span class='ocrx_word' id='word_1_161' title='bbox 353 4375 548 4457; x_wconf 82' lang='lat' dir='ltr'>Capitulum.</span> <span class='ocrx_word' id='word_1_162' title='bbox 573 4375 681 4459; x_wconf 89' lang='lat' dir='ltr'>Surge</span> <span class='ocrx_word' id='word_1_163' title='bbox 697 4377 891 4441; x_wconf 89' lang='lat' dir='ltr'>illuminare.</span> <span class='ocrx_word' id='word_1_164' title='bbox 982 4377 1025 4458; x_wconf 52' lang='lat' dir='ltr'>lh.</span> <span class='ocrx_word' id='word_1_165' title='bbox 1049 4377 1128 4440; x_wconf 85' lang='lat' dir='ltr'>Tria</span> <span class='ocrx_word' id='word_1_166' title='bbox 1144 4389 1222 4440; x_wconf 92' lang='lat' dir='ltr'>sunt</span> <span class='ocrx_word' id='word_1_167' title='bbox 1246 4397 1390 4440; x_wconf 85' lang='lat' dir='ltr'>munera.</span> 
     </span>
    </p>
   </div>
   <div class='ocr_carea' id='block_1_12' title="bbox 793 4673 1048 4800">
    <p class='ocr_par' dir='ltr' id='par_1_20' title="bbox 793 4673 1048 4800">
     <span class='ocr_line' id='line_1_31' title="bbox 793 4673 943 4733; baseline 0.007 -12"><span class='ocrx_word' id='word_1_168' title='bbox 793 4687 804 4705; x_wconf 65' lang='lat'>·*</span> <span class='ocrx_word' id='word_1_169' title='bbox 823 4675 856 4723; x_wconf 86' lang='lat' dir='ltr'>Is.</span> <span class='ocrx_word' id='word_1_170' title='bbox 871 4673 905 4723; x_wconf 85' lang='lat' dir='ltr'>lx.</span> <span class='ocrx_word' id='word_1_171' title='bbox 919 4686 943 4733; x_wconf 89' lang='lat'>4.</span> 
     </span>
     <span class='ocr_line' id='line_1_32' title="bbox 793 4750 1048 4800; baseline 0.004 -1"><span class='ocrx_word' id='word_1_172' title='bbox 793 4750 806 4782; x_wconf 75' lang='lat'>¹*</span> <span class='ocrx_word' id='word_1_173' title='bbox 824 4752 850 4799; x_wconf 89' lang='lat' dir='ltr'><strong>H</strong></span> <span class='ocrx_word' id='word_1_174' title='bbox 863 4750 927 4800; x_wconf 86' lang='lat' dir='ltr'>adds</span> <span class='ocrx_word' id='word_1_175' title='bbox 939 4751 1048 4800; x_wconf 76' lang='lat' dir='ltr'>alleluia.</span> 
     </span>
    </p>
   </div>
   <div class='ocr_carea' id='block_1_13' title="bbox 0 0 1806 5834">
    <p class='ocr_par' dir='ltr' id='par_1_21' title="bbox 0 0 1806 5834">
     <span class='ocr_line' id='line_1_33' title="bbox 0 0 1806 5834; baseline 0 0"><span class='ocrx_word' id='word_1_176' title='bbox 0 0 1806 5834; x_wconf 95' lang='lat' dir='ltr'> </span> 
     </span>
    </p>
   </div>
  </div>
 </body>
</html>
