3600 5834
574 734 623 784 ΙΝ
635 734 783 785 NATALI
800 734 918 788 UNIUS
931 734 1101 785 ABBAYIS.
1397 740 1426 791 71

231 885 389 952 ’Omelia
410 887 499 950 beati
522 887 706 969 hieronymi
723 888 908 970 presbyteri
923 889 966 951 de
980 888 1097 951 eadem
1113 886 1279 950 lectione.a
1323 884 1428 948 Gran·

320 975 371 1037 dis
387 974 514 1038 fiducia.
561 975 676 1038 Petrus
693 976 835 1057 piscator
852 976 974 1053 suerat;
996 976 1087 1037 dives
1104 994 1170 1036 non
1188 974 1316 1050 suerat;
1337 969 1428 1032 cibos

321 1082 421 1124 manu
440 1071 473 1124 et
488 1071 557 1124 arte
581 1063 740 1144 querebat
755 1073 788 1125 et
810 1072 922 1126 tamen
947 1062 1091 1143 loquitur
1112 1059 1325 1135 confidenter,
1341 1057 1429 1120 Reli-

321 1150 452 1230 quimus
468 1149 588 1211 omnia.

233 1234 357 1316 [Lectio
380 1235 465 1317 viii]
491 1236 534 1298 Et
572 1236 650 1320 quia
683 1256 749 1298 non
781 1236 900 1300 sufficit
931 1245 1061 1298 tantum
1093 1234 1275 1316 relinquere
1308 1231 1429 1306 omnia,

321 1323 427 1404 iungit
450 1322 539 1407 quod
561 1323 742 1405 perfectum
766 1333 824 1400 est,
846 1323 957 1387 Secuti
980 1343 1094 1386 sumus
1116 1333 1158 1398 te,
1182 1322 1317 1384 fecimus
1340 1318 1429 1401 quod
1530 1370 1533 1373 .

322 1410 453 1471 iussisti.
498 1408 588 1491 Quid
604 1430 684 1493 ergo
700 1410 794 1472 dabis
819 1411 914 1473 nobis
938 1412 1061 1492 premii.
1105 1410 1201 1491 Jesus
1217 1418 1328 1470 autem
1344 1406 1431 1468 dixit

321 1496 377 1572 eiS,
400 1497 512 1558 Amen
536 1497 611 1558 dico
633 1498 726 1559 vobis
748 1497 837 1579 quod
861 1517 921 1560 uos
944 1498 999 1578 qui
1022 1498 1124 1559 secuti
1148 1496 1226 1558 estis
1250 1515 1311 1569 me,
1327 1494 1359 1555 in
1383 1514 1432 1555 re-

322 1584 545 1664 generatione,
570 1604 645 1646 cum
670 1585 792 1646 sederit
815 1583 899 1646 filius
922 1585 1065 1646 hominis
1092 1585 1124 1645 in
1148 1582 1227 1645 sede
1251 1581 1432 1643 maiestatis

324 1691 391 1746 sue,
406 1671 563 1733 sedebitis
593 1691 692 1753 super
721 1672 817 1733 sedes
840 1671 1016 1734 duodecim
1047 1671 1230 1733 iudicantes
1256 1669 1432 1731 duodecim

323 1758 426 1819 tribus
442 1758 546 1820 israel.

237 1843 335 1925 [Lect.
352 1844 409 1926 ric]
433 1844 510 1907 Non
534 1845 622 1907 dixit
637 1843 703 1927 Qui
723 1844 897 1926 reliquistis
920 1844 1040 1920 omnia
1057 1846 1119 1906 hoc
1142 1844 1219 1925 quia
1241 1852 1274 1906 et
1290 1850 1434 1904 socrates

325 1931 540 2014 philosophus
557 1932 640 1995 fecit.
680 1932 724 1994 Et
741 1931 834 1995 multi
850 1933 905 1994 alii
921 1933 1052 1994 divitias
1067 1941 1352 2012 contempserunt;
1375 1928 1433 1991 sed

327 2018 393 2099 Qui
423 2020 526 2081 secuti
556 2020 634 2081 estis
659 2039 722 2095 me,
737 2020 826 2100 quod
853 2020 982 2101 proprie
1007 2018 1231 2101 apostolorum
1259 2028 1309 2079 est
1335 2027 1435 2097 atque

325 2105 538 2168 credentium.
585 2107 629 2168 Et
644 2107 752 2167 omnis
773 2107 828 2188 qui
852 2106 1018 2189 reliquerit
1033 2106 1169 2168 domum
1186 2104 1236 2166 vel
1254 2105 1367 2165 iratres
1383 2103 1435 2165 vel

324 2212 451 2255 sorores
474 2203 531 2256 aut
554 2204 681 2274 patrem
705 2204 760 2255 aut
784 2205 924 2255 matrem
948 2203 1004 2255 aut
1027 2212 1165 2255 uxorem
1190 2201 1246 2253 aut
1269 2190 1353 2252 filios
1379 2200 1436 2252 aut

325 2300 422 2362 agros
445 2290 579 2362 propter
601 2300 721 2342 nomen
747 2300 866 2357 meum,
888 2279 1080 2363 centuplum
1111 2278 1248 2360 accipiet
1278 2288 1312 2340 et
1334 2277 1435 2340 vitam

326 2379 473 2429 eternam
490 2366 723 2450 possidebit.**

552 2869 689 2957 [neu
722 2872 873 2938 ouius
905 2871 1135 2953 nunnus]

704 3060 764 3123 Ao
781 3074 974 3125 vassenis.

241 3197 321 3259 Ant.
346 3195 514 3260 Similabo
731 3198 865 3260 Psalmi
869 3199 1014 3279 ferrales.

247 3283 319 3364 cap.
342 3283 455 3363 Justus
471 3304 527 3345 cor
541 3303 646 3346 suum.
735 3286 769 3366 157
793 3287 915 3349 Sancte
934 3287 973 3347 N.

246 3370 404 3451 Hymnus.
432 3371 497 3433 Iste
513 3371 687 3434 consessor.
732 3370 764 3448 lis
789 3372 927 3434 Amavit
943 3391 1028 3435 eum.

243 3457 323 3520 Ant.
346 3457 478 3538 Justum
494 3458 644 3521 deduxit.
732 3459 789 3521 Ps.
807 3458 1010 3541 lllagnificat.
1087 3458 1209 3523 Oratio.
1235 3458 1438 3521 Intercessio.

667 3736 743 3819 [Ao
766 3736 1011 3819 utrumuis]

243 3875 476 3938 Invitatorticm
491 3886 523 3938 et
535 3886 636 3939 cetero
657 3877 767 3938 omnia
788 3876 872 3938 sicut
894 3876 929 3937 in
952 3873 1117 3937 communi
1136 3873 1236 3935 um'us
1249 3873 1437 3953 confissorts

330 3985 391 4025 non
402 3964 574 4045 pontefices.

243 4049 350 4113 Lectio
365 4051 385 4113 i.
410 4051 531 4113 Servus
546 4050 603 4132 qui
619 4048 890 4133 geminata...&c.
908 4047 977 4130 (see
994 4070 1024 4130 p.
1040 4047 1105 4131 67).

272 4277 284 4301 ⁸
300 4270 332 4316 W
344 4270 389 4318 has
407 4270 511 4333 Homily
523 4270 647 4333 Quoniam
666 4272 739 4320 Petro
756 4271 924 4336 interrogante
936 4288 966 4321 ex
979 4286 1083 4334 persona
1100 4270 1268 4334 apostolorum
1280 4276 1437 4331 ceterumque

242 4347 350 4397 fidelium
368 4348 438 4412 quasi
454 4348 521 4413 prior
540 4349 650 4397 omnium
669 4350 782 4399 Christus
799 4350 846 4398 ista
863 4349 977 4414 promisit
995 4365 1045 4398 non
1062 4349 1108 4398 soli
1127 4350 1200 4397 Petro
1216 4352 1260 4396 sed
1277 4357 1302 4395 et
1318 4347 1439 4410 apostolis¹

241 4426 364 4475 omnibus

240 4505 322 4554 [Actio
332 4505 388 4553 viii.
409 4503 450 4553 Ne
465 4503 528 4554 sorte
546 4504 705 4569 postmodum
724 4505 834 4569 legentes
849 4504 965 4554 homines
981 4505 1028 4554 hec
1045 4503 1138 4554 Christi
1156 4502 1277 4567 promissa
1294 4501 1438 4552 estimarent

305 4581 425 4646 apostolis
436 4590 533 4630 tantum
545 4597 598 4631 esse
610 4582 737 4646 promissa,
749 4582 842 4632 utiliter
853 4581 951 4631 addidit
963 4582 1057 4632 dicens.

241 4659 322 4708 Lectio
332 4661 369 4706 r'x.
391 4659 423 4708 Et
438 4658 520 4708 omnis
530 4658 573 4723 qui
588 4659 712 4723 reliquerit
729 4660 831 4708 domum
843 4668 886 4708 aut
897 4658 985 4710 iratres
995 4669 1020 4709 et
1032 4676 1128 4710 sorores
1139 4666 1240 4725 propter
1251 4672 1343 4707 nomen
1356 4673 1438 4706 meum

303 4737 448 4799 centuplum
462 4736 567 4801 accipiet
579 4745 603 4787 et
615 4738 691 4786 vitam
703 4746 815 4787 eternam
828 4736 973 4801 possidebit.

242 4814 268 4863 H
281 4814 326 4863 has
342 4814 445 4877 Homily
456 4813 521 4863 from
530 4814 632 4879 Origen.
668 4815 717 4866 See
729 4815 818 4874 above,
831 4831 856 4880 p
871 4814 912 4878 65.
