3600 5834
347 743 393 793 190
556 731 604 781 IN
625 732 772 782 OCTAVA
796 733 1034 784 SANCTORUM
1051 734 1333 786 INNOCENTJUM.

428 884 568 958 obiecta,
581 894 614 948 et
626 885 741 948 maiori
751 885 857 969 gloria
867 887 910 948 ab
923 887 1122 969 imperatore
1131 886 1292 951 eleuatus¹
1303 899 1362 964 est,
1373 890 1404 951 in
1416 898 1547 951 tantum

430 982 466 1035 ut
481 972 511 1034 ei
527 973 655 1055 regium
679 972 835 1035 diadema
858 974 1016 1038 tribueret
1032 995 1039 1050 ;
1062 984 1095 1037 et
1111 975 1271 1057 regnandi
1296 986 1496 1057 potestatem
1514 977 1546 1038 in

430 1059 527 1121 iudea
546 1057 765 1124 confirmaret.

342 1150 385 1229 W.
410 1147 541 1230 Dignus
558 1168 577 1208 a
592 1146 711 1230 dignis.

342 1235 399 1297 Ps.
422 1234 472 1297 Te
489 1234 597 1297 deum.
949 1232 991 1313 il.
1015 1234 1182 1299 Exultent
1197 1237 1282 1299 iusti.

815 1495 860 1556 ΙΝ
885 1509 1089 1561 Lnonmos.

343 1660 415 1724 Hac
426 1659 495 1722 sala
510 1655 687 1740 antiphona
705 1656 858 1719 Herodes
874 1656 1003 1719 dicitur.
1048 1658 1104 1721 Ps.
1130 1659 1294 1722 Dominus
1311 1662 1471 1743 regnauit.

346 1746 532 1828 Capitulum
548 1744 688 1825 leymnus
702 1752 734 1806 et
747 1754 848 1806 celera
862 1743 911 1805 ad
923 1745 1105 1807 matutinas
1119 1755 1157 1807 at
1172 1748 1206 1808 in
1221 1747 1297 1809 daza
1313 1748 1357 1829 (p.
1379 1750 1461 1829 163.)

233 1898 236 1905 ,
343 1833 508 1898 Memmia
522 1832 561 1894 da
574 1841 687 1894 sauata
703 1831 812 1893 maria
826 1840 858 1893 et
870 1830 910 1892 de
920 1841 1029 1893 sancta
1045 1833 1153 1894 thoma
1169 1843 1326 1914 utsupra.

826 2067 886 2129 Ao
912 2082 1070 2133 omniu.

342 2237 422 2299 Ant.
447 2234 479 2299 A
496 2213 633 2297 biinatu.
939 2232 995 2295 Ps.
1020 2233 1113 2296 Deus
1130 2233 1163 2295 in
1179 2235 1322 2299 nomine.

815 2490 876 2554 Ao
900 2504 1082 2555 sonmo.

343 2659 424 2722 Ant.
447 2658 528 2722 Vox
545 2657 578 2718 in
595 2676 695 2718 rama.
1044 2654 1100 2717 Ps.
1126 2656 1252 2739 Legem
1270 2677 1365 2738 pone.

348 2745 534 2827 Capitulum
551 2742 787 2825 responsorium
805 2751 838 2803 et
856 2740 1034 2803 versiculus
1054 2742 1139 2803 sicut
1160 2743 1196 2805 in
1212 2744 1326 2823 prima
1341 2745 1394 2807 dia
1409 2744 1453 2827 (p.
1475 2744 1549 2826 164)

431 2832 480 2895 aa'
490 2852 599 2894 amnes
613 2831 712 2893 horas
727 2829 969 2892 limaturam
985 2829 1128 2891 oratione
1143 2830 1182 2893 de
1188 2831 1303 2912 prima
1317 2831 1378 2894 die.

825 3088 885 3151 An
913 3102 1072 3152 saxum,

343 3257 425 3321 Ant.
449 3255 522 3320 Sub
536 3254 665 3318 throno.
1117 3253 1172 3316 Ps.
1199 3252 1340 3317 Defecit.

832 3482 892 3547 Ao
916 3494 1062 3546 nonan.

343 3654 424 3717 Ant.
449 3650 666 3717 Cantabant.²
1117 3651 1174 3713 Ps.
1199 3650 1375 3714 Mirabilia.

700 3886 760 3950 An
783 3900 977 3951 snconnus
1000 3900 1192 3951 vesunnss.

341 4047 423 4110 Ant.
446 4046 573 4109 Tecum
591 4045 797 4127 principium.
1118 4045 1173 4107 Ps.
1199 4044 1298 4108 Dixit
1314 4046 1477 4109 dominus,

345 4133 541 4215 Capitulum.
566 4132 644 4194 Vidi
661 4153 762 4213 supra
779 4141 937 4195 montem.

345 4222 507 4302 Hymnus.
534 4220 610 4282 Rex
627 4220 778 4303 gloriose.
1117 4217 1158 4297 V.
1184 4219 1360 4282 Letamini.

342 4310 423 4372 Ant.
448 4305 479 4369 Ο
496 4327 597 4389 quam
614 4307 804 4389 gloriosum.
1118 4306 1175 4369 Ps.
1200 4308 1404 4389 Magnificat.

346 4394 463 4461 Oratio
484 4394 523 4456 de
545 4394 604 4456 die.

406 4586 418 4611 ¹
435 4577 463 4627 Η
474 4575 543 4641 gives
554 4591 619 4625 coes.

846 4688 855 4720 ¹
873 4691 900 4739 H
912 4692 1043 4742 exaltatus.

847 4753 858 4785 ²
876 4757 895 4805 P
908 4757 1059 4807 Cantabunt.
