3600 5834
645 782 710 834 un
722 782 1168 837 orasnncrrsrarannr.
1473 794 1524 851 ¹55

401 930 520 1015 phono,
551 934 713 1000 Nesciens
743 946 866 1002 mater:
895 936 1023 1020 require
1050 937 1135 1002 itanc
1160 937 1372 1021 antiphonam
1402 935 1438 1001 in
1469 937 1526 1002 die

407 1022 596 1085 nativitatis
609 1023 738 1087 damini
749 1021 799 1087 ad
807 1025 964 1088 secundas
977 1035 1125 1107 oespaas
1138 1034 1172 1089 et
1183 1026 1288 1090 oratio
1303 1035 1342 1089 nt
1353 1024 1509 1108 snpra.”

320 1104 604 1189 [commemoratio
632 1109 714 1174 Ant.
746 1111 907 1175 Nesciens
939 1122 1085 1175 mater...

318 1195 359 1256 1.
383 1194 585 1259 Benedictus
600 1197 657 1279 qui
673 1198 764 1261 venit
780 1198 813 1260 in
830 1199 966 1262 nomine
982 1198 1121 1265 domini.

320 1278 445 1348 Oratio.
470 1281 626 1348 Concede
641 1303 822 1367 quesumus
837 1286 1050 1368 omnipotens
1066 1284 1173 1369 deus]

798 1470 860 1534 Ao
887 1484 1045 1535 numan.

319 1597 476 1686 [Ymnns.
500 1603 610 1669 Corde
626 1604 748 1692 natus]

316 1689 398 1755 Ant.
415 1690 675 1775 lapidaverunt.
706 1695 763 1759 Ps.
788 1695 882 1757 Deus
894 1693 928 1757 in
942 1695 1088 1760 nomine.
1118 1694 1175 1758 Ps.
1194 1694 1290 1758 Beati
1307 1692 1525 1759 immaculati.

704 1781 761 1845 Ps.
786 1782 954 1846 Retribue.
1113 1781 1171 1844 Ps.
1196 1780 1397 1865 Quicunque
1412 1780 1491 1846 vult.

812 2005 873 2069 Ao
896 2017 1077 2072 ruarmo.

315 2137 472 2225 [Ymnns.
496 2141 652 2225 Corporis
668 2141 835 2226 sormam]

315 2227 398 2291 Ant.
421 2228 570 2311 Lapides
585 2239 755 2294 torrentes
886 2230 944 2295 Ps.
969 2230 1096 2313 Legem
1112 2248 1210 2313 pone.

320 2313 516 2397 Capitulum.
541 2316 733 2400 Stephanus
760 2315 886 2399 plenus

318 2399 552 2483 *Responsorra
561 2413 593 2465 et
606 2423 719 2467 vorsus
729 2404 769 2467 dr
780 2402 948 2466 communi
959 2402 1059 2466 nnius
1073 2401 1231 2483 martyros
1244 2401 1294 2466 ad
1303 2420 1411 2466 omnes
1421 2400 1522 2466 horas

402 2488 599 2553 dauntur⁴¹
612 2489 742 2572 [Gloria
757 2499 791 2555 et
807 2489 948 2573 honore]
962 2510 1034 2554 cnm
1049 2489 1213 2572 Alleluya,
1229 2489 1282 2554 *ot
1302 2489 1521 2572 responsiones

408 2576 639 2640 versiculorum
653 2577 724 2639 sinn
737 2576 944 2659 Allelnya.*¹

317 2658 374 2743 [V.
398 2660 541 2726 Posuisti
556 2663 715 2748 domine]

318 2747 441 2813 Oratio
466 2748 521 2813 Da
536 2749 641 2814 nobis.

316 2832 409 2898 'Hac
428 2835 532 2899 oratio
553 2837 678 2957 dra'tar
696 2835 746 2901 ad
762 2857 869 2901 omnes
890 2836 990 2902 boras
1009 2837 1110 2902 lenius
1129 2836 1200 2903 dr'oi
1218 2847 1251 2903 ot
1268 2836 1317 2902 ad
1327 2835 1520 2903 marronam

408 2931 473 3005 per
485 2923 643 2987 octavas*

793 3087 855 3152 Ao
880 3102 1039 3155 sexenis.

313 3219 471 3304 [Ymnns.
496 3221 585 3286 Ecce
600 3242 700 3306 quem
715 3222 835 3308 vates]

314 3307 395 3371 Ant.
418 3307 606 3373 Adhesit...
935 3311 992 3375 Ps.
1017 3309 1159 3377 Defecit.

317 3394 514 3477 Capitulum.
538 3395 624 3460 Cum
641 3396 819 3461 ‘autem¹*
835 3407 972 3463 esset...

314 3477 373 3566 [Κ.
398 3482 540 3546 Posuisti
556 3483 700 3548 domine
944 3483 986 3562 V.
1011 3485 1124 3548 Iustus
1138 3492 1175 3548 ut
1191 3483 1313 3567 palma.

316 3568 431 3634 Oratio
445 3577 485 3631 ut
495 3568 617 3653 snpra]

803 3726 864 3790 Ao
888 3740 1036 3792 nonnis.

314 3836 470 3920 [Ymnus.
496 3839 586 3902 Iuste
603 3838 730 3922 iudex]

313 3924 394 3988 Ant.
419 3926 507 3989 Ecce
522 3926 628 3989 video.
978 3926 1037 3989 Ps.
1062 3925 1238 3990 Mirabilia.

316 4011 510 4093 Capitulum.
535 4012 657 4076 Positis
673 4022 787 4077 autem
803 4011 984 4097 genibus...

314 4096 372 4183 [ΚΑ
397 4098 508 4162 Iustus
523 4110 559 4162 ut
575 4099 704 4181 palma.
777 4117 781 4125 ·
982 4097 1023 4178 W.
1049 4099 1160 4163 Iustus
1175 4097 1386 4182 germinabit.

316 4184 431 4249 Oratio
446 4196 484 4249 nt
497 4186 620 4269 sopra]

671 4340 732 4427 Ao
755 4353 951 4408 secuuons
972 4355 1165 4407 vesperas

293 4476 390 4541 ·Ant.
414 4476 542 4541 Tecum
559 4478 767 4561 principium.
1011 4481 1069 4542 Ρ).
1094 4477 1193 4541 Dixit
1209 4477 1372 4541 dominus.

296 4581 299 4586 ·
313 4564 510 4646 Capitulum.
535 4563 728 4647 Stephanus
744 4565 870 4647 plenus.
1013 4567 1056 4650 IV.
1080 4566 1226 4649 Lapides
1242 4573 1416 4630 torrentes,

318 4650 451 4714 limnas.
474 4651 599 4716 Sancte
614 4653 669 4716 dei
684 4654 841 4735 preciose.
1010 4651 1052 4730 V.
1077 4652 1191 4727 Gloria
1211 4660 1245 4716 et
1257 4652 1397 4736 honore.

293 4735 389 4801 'Ant
414 4738 583 4801 Patefacto
598 4749 717 4803 sunt...
1012 4739 1069 4803 Ps.
1093 4737 1302 4823 Magnificat.
1340 4810 1343 4816 ,

311 4824 427 4891 Oratio
442 4824 502 4889 *nt
514 4825 657 4908 snpra”
674 4826 745 4909 [Da
760 4825 879 4908 nobis]
983 4889 987 4895 ,
1008 4843 1016 4877 2
