3600 5834
604 764 656 815 IN
674 765 823 815 NATALI
848 765 965 819 UNIUS
986 766 1177 816 APOSTOLI.

529 1258 580 1322 IN
613 1252 799 1319 NATALI
829 1252 982 1317 UNlUS
1009 1253 1277 1321 APOSTOLI.a

771 1470 834 1535 Ao
856 1483 1048 1566 vassenis.

296 1601 377 1662 Ant.
406 1600 525 1665 Estote
541 1602 640 1668 [ortes
656 1606 689 1668 in
705 1604 801 1669 bello.

296 1687 431 1750 Psalmi
435 1690 584 1769 finales.

298 1774 372 1856 Cap.
397 1776 591 1841 Benedictio
607 1780 733 1841 domini
749 1800 848 1861 super
861 1789 963 1861 caput
979 1779 1055 1841 iusti
1069 1800 1076 1856 ;
1100 1778 1175 1842 ideo
1190 1779 1283 1841 dedit
1300 1778 1345 1841 illi
1363 1779 1491 1842 heredi-

384 1872 487 1927 tatem
504 1875 538 1927 et
553 1867 664 1929 divisit
679 1868 709 1928 ei
727 1878 854 1949 partem
882 1868 915 1928 in
940 1867 1090 1928 tribubus
1115 1866 1291 1930 duodecim
1307 1877 1342 1928 et
1365 1867 1492 1929 invenit

383 1953 525 2030 gratiam
542 1954 575 2014 in
591 1965 771 2035 conspectu
787 1954 896 2015 omnis
912 1954 1027 2014 carnis.

297 2035 419 2098 *Istud
440 2040 615 2119 capitulum
639 2041 770 2103 dt’catur
792 2040 826 2102 si
840 2041 952 2120 fuerit
976 2039 1094 2120 vigilia
1116 2040 1203 2101 etin
1226 2040 1389 2102 dorm'm'ca
1421 2041 1494 2103 licet

384 2124 501 2205 vigilia
524 2128 558 2187 in
581 2127 742 2189 dominica
763 2126 956 2208 contigerit:
976 2127 1029 2188 sin
1045 2135 1153 2188 autem
1168 2127 1293 2189 de'cetur
1306 2127 1492 2208 1'studcapi-

381 2211 495 2273 tulum.
539 2214 614 2294 Jam
632 2235 697 2276 non
714 2215 793 2276 estis
809 2214 996 2296 hospites...
1016 2213 1260 2295 prophetarum,
1272 2214 1346 2295 ipso
1360 2234 1493 2276 summo

382 2300 495 2380 anguli
512 2300 622 2381 lapide
637 2300 770 2364 Christo
785 2302 872 2381 Jcsu.

298 2382 343 2446 Si
368 2404 443 2446 vero
464 2388 591 2464 festum
621 2389 757 2468 apostoli
779 2385 941 2467 differtur,
968 2395 1044 2449 tunc
1066 2386 1115 2449 ad
1136 2397 1283 2468 vesperas
1308 2386 1494 2467 capitulum.

381 2471 458 2551 Jam
475 2494 541 2535 non
558 2475 635 2535 estis
650 2484 682 2536 ct
695 2475 798 2537 oratio
813 2474 851 2535 de
865 2474 918 2535 die
932 2473 1095 2535 de'citur**

295 2559 328 2627 R
351 2554 417 2637 Qui
433 2571 512 2622 sunt
527 2561 620 2623 isti...
776 2563 815 2623 ff
831 2561 1089 2626 Candidiores...
1254 2560 1299 2623 Et
1316 2558 1472 2640 quasi...b

295 2642 458 2722 Hymnus.
480 2646 604 2709 Annue
619 2647 796 2711 christe...c

298 2728 437 2806 Quando
453 2754 525 2795 auro
540 2735 663 2796 dicitur
675 2738 714 2797 de
729 2757 792 2796 uno
807 2736 943 2815 apostolo
958 2744 1034 2797 tunc
1047 2734 1169 2796 dicitur
1184 2733 1290 2796 Nobis
1315 2754 1374 2816 per
1395 2733 1492 2795 huius

381 2820 509 2899 quando
524 2842 597 2883 vero
611 2822 651 2882 de
656 2822 809 2903 pluribus
823 2831 899 2883 tunc
912 2821 1035 2883 dicitur
1049 2821 1155 2883 Nobis
1172 2843 1230 2905 per
1245 2821 1362 2883 horum
1379 2821 1447 2883 tibi.

382 2907 422 2965 ff
440 2906 478 2968 ln
494 2928 629 2971 omnem
645 2917 775 2972 terram.

294 2991 376 3053 Ant.
400 2991 494 3055 Beati
510 2995 640 3058 eritis..
1034 2995 1089 3057 Ps.
1115 2993 1318 3076 Magnificat.

297 3077 355 3142 Or.
400 3079 566 3143 Concede¹
591 3101 772 3163 quesumus
796 3082 1008 3162 omnipotens
1032 3083 1114 3144 deus
1138 3094 1310 3144 venturam
1336 3081 1424 3144 beati
1456 3080 1497 3142 N

426 3166 567 3247 apostoli
594 3169 641 3230 tui
662 3167 908 3230 solemnitatem
930 3188 1076 3247 congruo
1101 3171 1268 3249 prevenire
1283 3169 1444 3250 obsequio
1460 3179 1494 3230 ct

426 3254 615 3316 venientem
645 3255 748 3336 digna
777 3255 941 3317 celebrare
973 3255 1158 3318 devotione.
1219 3256 1281 3317 Per
1317 3257 1490 3319 dominum

432 3340 608 3402 nostrum.d

297 3424 369 3487 Hec
392 3427 495 3489 oratio
520 3427 643 3490 dicitur
663 3428 697 3489 si
711 3428 824 3507 fuerit
846 3427 966 3510 uigilia
977 3451 988 3491 :
1010 3428 1062 3490 sin
1078 3437 1186 3489 autem
1201 3428 1325 3492 dicitur
1337 3428 1440 3490 oratio
1455 3428 1493 3489 de

383 3513 443 3575 die.

728 3772 790 3837 Ao
814 3785 1045 3836 im‘rununs.

375 3916 618 3981 Invitatorium.
642 3918 770 4001 Regem
787 3918 1055 4000 apostolorum...
1197 3916 1253 3980 Ps.
1277 3915 1406 3979 Venite

465 4004 620 4085 Hymnus
642 4007 767 4069 Eterna
782 4007 892 4067 christi
909 4025 1048 4068 munera

641 4092 881 4175 Apostolorum
897 4092 1002 4174 gloria

640 4179 774 4241 Laudes
790 4190 947 4241 canentes
962 4177 1092 4240 debitas

640 4265 732 4329 Letis
747 4285 907 4328 canamus
923 4266 1097 4327 mentibus

361 4500 372 4524 ¹
389 4496 446 4543 Sar.
458 4493 482 4544 ii.
496 4494 551 4557 364.

361 4571 373 4602 ⁸
392 4573 416 4620 Η
428 4573 490 4622 adds
501 4572 618 4622 Gloria...
638 4581 672 4623 et.

361 4657 371 4679 ‘
391 4649 415 4698 ll
429 4649 472 4698 bas
482 4650 541 4714 only
553 4649 596 4699 the
607 4666 652 4699 cue
665 4649 730 4699 here.

361 4725 374 4755 ⁶
392 4726 418 4774 ll
430 4728 492 4776 adds
504 4726 561 4776 here
571 4729 746 4777 Plurimorum
755 4726 929 4793 Apostolorum
938 4727 1019 4775 oratio
1031 4726 1101 4774 Deus
1111 4724 1154 4790 qui
1166 4741 1212 4775 uos
1222 4740 1307 4775 annua
1318 4726 1493 4790 apostolorum.

554 4839 563 4873 ¹
581 4844 607 4892 H
619 4844 682 4894 adds
692 4844 774 4894 nobis.
809 4844 841 4893 W
855 4842 898 4892 has
910 4842 1004 4892 honore
1015 4852 1061 4891 not
1071 4843 1197 4908 obsequio.

1299 4922 1324 4971 D
1349 4925 1367 4971 2
