3600 5834
708 760 756 810 IN
768 761 839 811 DIE
855 760 1088 811 EPVI’JLlNIE.
1156 839 1159 844 .
1467 771 1512 823 197

300 913 517 998 ²chealogia
532 913 657 977 doutim
684 913 793 976 nostri
813 914 882 977 iesu
906 913 1025 978 christi
1045 914 1219 977 secuudum
1235 914 1349 977 lucam.
1396 911 1511 977 Gloria

388 1003 449 1066 tibi
464 1002 611 1065 domine.
656 1000 742 1063 Luct
756 1001 776 1063 i.

304 1088 447 1153 Factum
463 1098 515 1152 est
530 1087 704 1151 autemb...

303 1175 375 1255 Quo
380 1175 483 1258 finito
498 1175 678 1257 incipiatur
720 1175 776 1238 Ps,
800 1174 851 1237 Te
867 1176 977 1239 deum.
1022 1174 1064 1253 V.
1089 1177 1200 1258 Reges
1215 1174 1345 1239 tharsis.

775 1403 818 1465 ln
846 1416 1043 1468 ennomus,

385 1568 467 1632 Ant.
488 1566 582 1629 Ante
598 1564 813 1629 luciferum...
992 1565 1050 1628 Ps.
1074 1565 1241 1630 Dominus
1257 1567 1419 1650 regnauit.

386 1656 466 1719 Aut.
488 1654 592 1717 Venit
608 1653 763 1716 lumen...
994 1653 1051 1716 Ps.
1078 1653 1229 1718 Iubilate.

385 1742 465 1805 Ant,
489 1740 669 1823 Apertis..
992 1740 1048 1803 Ps.
1075 1739 1167 1803 Deus
1182 1742 1274 1805 deus.

385 1830 468 1891 Aut.
491 1828 600 1891 Maria
616 1836 650 1889 et
667 1826 859 1889 flumina¹...
987 1825 1044 1889 Ps.
1070 1827 1273 1892 Benedicite.

385 1915 467 1979 Aut.
490 1914 596 1979 Stella
611 1915 730 1977 istac...
986 1914 1043 1977 Ps.
1068 1914 1229 1980 Laudato.

388 2001 583 2084 Capitulum,
607 2000 714 2082 Surge
730 1999 925 2062 illuminare.

394 2089 527 2153 Ymnus.
553 2089 671 2153 Hostis
687 2087 836 2150 herodes.
994 2084 1065 2169 [V]
1091 2088 1242 2153 Adorate
1265 2088 1375 2153 deum.

386 2177 466 2240 Aut.
492 2176 605 2240 Hodie
620 2174 788 2238 celesti¹...
994 2174 1051 2238 Ps.
1076 2176 1291 2239 Benedictus.

389 2262 512 2327 Oratio.
538 2263 631 2325 Deus
646 2262 703 2343 qui
718 2261 921 2324 hodierna...

387 2350 652 2432 ⁴'Diciturprosa
676 2350 762 2411 Puer
778 2359 876 2410 natus
893 2349 927 2410 in
944 2347 1121 2426 bethleem,

678 2436 779 2499 Unde
795 2435 921 2517 gaudet
937 2435 1143 2512 hierusalem,

677 2522 872 2603 Assumpsit
887 2542 1020 2584 carnem
1037 2522 1094 2584 filii

675 2609 740 2671 Dei
757 2610 861 2690 patris
876 2608 1048 2672 altissimi:

678 2697 741 2758 Per
756 2695 937 2779 gabrielem
955 2697 1112 2759 nuncium

675 2782 782 2863 Virgo
797 2784 952 2865 concepit
968 2783 1082 2847 filium.

675 2946 854 3026 Tanquam
870 2964 1013 3025 sponsus
1029 2945 1071 3007 de
1086 2944 1236 3009 thalamo

677 3032 896 3113 Progrediens
912 3051 956 3093 ex
973 3044 1076 3108 uter0,

677 3117 723 3182 Se
739 3119 834 3200 ponit
849 3120 882 3180 in
899 3120 1061 3199 presepio,

676 3206 846 3287 Regnabit
860 3206 932 3267 sine
946 3207 1090 3269 termino
1108 3229 1115 3267 :

675 3292 844 3374 Cognouit
860 3292 921 3355 bos
937 3301 970 3355 et
986 3290 1119 3363 azinus†

676 3380 776 3462 Quod
794 3400 876 3461 puer
891 3390 962 3442 erat
977 3381 1142 3443 dominus

676 3545 787 3625 Reges
802 3543 845 3606 de
861 3545 943 3607 saba
958 3546 1100 3621 venient,

676 3631 807 3693 Aurum
823 3630 901 3694 thus
918 3633 1051 3694 mirram
1069 3630 1209 3694 offerent

679 3719 846 3780 intrantes
863 3719 1002 3781 domum
1019 3719 1162 3781 inuicem

676 3804 832 3868 Salutant
849 3825 974 3867 nouum
992 3805 1161 3868 hominem
1179 3827 1186 3873 ;

674 3892 779 3955 Trino
793 3891 858 3954 deo
874 3892 1078 3973 sempiterno

675 3978 919 4042 Benedicamus
935 3979 1081 4042 domino.

329 4067 451 4135 Chorus
465 4066 652 4149 respoudeat
672 4066 747 4129 Deo
763 4065 939 4146 gratias.**

361 4329 373 4353 ⁸
392 4322 452 4371 HW
464 4321 601 4387 Sequentia
611 4321 691 4372 sancti
703 4321 827 4385 euangelii
838 4322 975 4371 secundum
988 4320 1079 4370 lucam.

361 4397 374 4430 b
391 4397 426 4449 0²
438 4400 503 4449 Tum
515 4399 630 4449 sacerdos
638 4400 757 4464 procedat
769 4414 826 4447 cum
838 4398 973 4463 sollempni
993 4406 1117 4462 apparatu
1134 4396 1167 4446 ad
1180 4395 1345 4446 thurificanda
1355 4393 1463 4455 altarin
1480 4403 1507 4445 et

296 4487 399 4542 accepta
418 4477 597 4527 benediccione
619 4478 653 4525 ab
672 4476 792 4541 episcopo
814 4485 902 4525 cantet
924 4474 1084 4539 euangelium
1108 4476 1212 4524 Furtum
1235 4481 1271 4523 est
1292 4481 1376 4524 autem
1421 4471 1507 4523 Finito

295 4555 426 4619 euangelio
437 4555 569 4620 episcopus
580 4553 683 4619 incipiat
699 4556 724 4603 T
720 4570 732 4603 e
742 4556 825 4604 cltuut.

359 4640 370 4665 ί
386 4635 444 4681 Sar.
459 4632 476 4683 i.
489 4644 546 4695 334.

360 4746 368 4777 ¹
387 4748 448 4796 HW
459 4746 599 4798 benedicite
610 4746 749 4797 dominum.

359 4810 371 4841 ²
389 4814 408 4861 Ρ
420 4812 480 4878 vino
491 4812 567 4863 tacto,
