3600 5834
799 749 977 799 LETANIA.
1461 763 1493 811 29

383 905 468 968 inter
487 924 604 968 omnes
618 903 670 967 vie
693 913 726 968 et
746 903 813 967 vite
837 902 933 966 huius
952 902 1138 980 varietates
1153 912 1211 965 tuo
1232 922 1363 985 semper
1384 914 1492 986 prote-

386 1002 507 1072 gantur
522 991 673 1054 auxili0.²

298 1076 522 1161 Omnipotens
534 1079 733 1161 sempiterne
745 1078 826 1140 deus
842 1076 930 1139 salus
942 1087 1056 1139 eterna
1071 1077 1276 1139 credentium
1293 1078 1416 1139 exaudi
1432 1097 1492 1140 nos

386 1186 446 1248 pro
471 1164 602 1227 famulis
626 1174 660 1227 et
687 1164 872 1226 famulabus
897 1166 962 1226 tuis
987 1184 1047 1245 pro
1063 1164 1182 1245 quibus
1200 1164 1421 1226 misericordie
1437 1175 1493 1226 tue

386 1252 602 1334 imploramus
617 1252 779 1313 auxilium
795 1274 802 1313 :
825 1259 862 1312 ut
878 1251 1006 1313 reddita
1018 1251 1065 1311 eis
1080 1251 1222 1312 sanitate
1235 1252 1415 1331 gratiarum
1432 1252 1491 1313 tibi

386 1340 418 1401 in
435 1339 574 1401 ecclesia
586 1338 728 1401 reserant
744 1338 937 1400 actionem.a

299 1426 489 1488 Animabus
504 1445 685 1506 quesumus
700 1426 835 1487 domine
858 1423 1057 1486 famulorum
1082 1422 1346 1504 famularumque
1362 1432 1493 1485 tuarum

386 1513 492 1575 oratio
516 1511 665 1594 proficiat
687 1510 946 1592 supplicantium
964 1521 1001 1573 ut
1017 1530 1073 1571 eas
1089 1520 1121 1572 et
1137 1531 1156 1571 a
1173 1512 1316 1592 peccatis
1338 1511 1493 1573 omnibus

386 1619 492 1661 exuas
508 1608 540 1660 et
556 1610 613 1661 tue
636 1598 872 1678 redemptionis
889 1596 990 1659 iacias
1007 1618 1078 1658 csse
1094 1598 1277 1678 participes,

301 1685 394 1747 Deus
409 1688 466 1767 qui
482 1706 518 1747 es
534 1696 723 1747 sanctorum
751 1695 882 1747 tuorum
907 1684 1064 1766 splendor
1088 1684 1245 1745 mirabilis
1268 1693 1368 1764 atque
1384 1683 1494 1766 lapso·

388 1793 459 1834 rum
485 1771 674 1833 sublevator
700 1771 934 1845 inenarrabilis
958 1770 1009 1832 iac
1037 1790 1096 1832 nos
1127 1768 1267 1831 famulos
1284 1781 1358 1832 tuos
1381 1782 1494 1833 sancte

386 1860 439 1921 dei
472 1858 638 1940 genitricis
670 1877 866 1939 semperque
888 1858 1023 1937 virginis
1047 1857 1149 1917 marie
1171 1866 1205 1918 et
1229 1858 1377 1919 omnium
1402 1878 1495 1920 sanc-

387 1958 496 2008 torum
525 1956 657 2007 tuorum
688 1944 810 2025 ubique
833 1944 915 2006 tueri
944 1944 1094 2025 presidiis
1118 1963 1245 2004 necnon
1271 1942 1495 2006 familiaritate

386 2043 488 2113 atque
509 2031 816 2111 consanguineitatc
832 2031 883 2092 vel
900 2031 1118 2092 consessione¹
1143 2029 1238 2090 nobis
1261 2029 1445 2110 conjunctis
1462 2039 1495 2092 et

387 2120 478 2180 omni
515 2118 640 2201 populo
674 2117 853 2179 christiano
891 2118 1017 2179 cunctis
1051 2117 1177 2178 insidiis
1211 2116 1336 2179 sallacis
1372 2118 1494 2178 inimici

387 2206 542 2287 depulsis,
558 2204 703 2267 concede
726 2205 769 2266 ad
786 2203 940 2265 celestem
966 2204 1106 2285 patriam
1131 2204 1289 2265 redeundi
1312 2203 1440 2265 aditum
1457 2224 1495 2265 ac

386 2292 617 2354 defunctorum
655 2292 804 2353 omnium
843 2288 989 2352 fidelium
1027 2290 1110 2352 sacri
1156 2290 1365 2371 baptismatis
1406 2292 1496 2352 unda

387 2388 576 2441 renatorum
590 2377 763 2440 animabus
775 2376 886 2457 quiete
897 2376 1018 2458 perfrui
1029 2378 1238 2459 sempiterna.
1278 2377 1340 2439 Per
1352 2378 1495 2439 eundem

387 2465 555 2529 Christum
572 2465 755 2528 Dominum
773 2473 932 2526 nostrum.
977 2462 1098 2526 Amen.

720 2605 732 2630 ¹
750 2599 832 2648 notin
848 2598 880 2648 U.

720 2736 729 2766 ¹
748 2737 775 2787 H
787 2737 862 2787 omits
870 2738 911 2788 vel
923 2736 1084 2788 consessione.
