3600 5834
504 745 554 795 IN
565 744 714 795 NATALI
726 744 987 797 PLURIMORUM
997 743 1280 795 APOSTOLORUM.
1461 755 1492 805 41

365 1180 439 1243 *IN
471 1180 658 1245 NATALI
691 1179 1022 1245 PLURIMORUM
1053 1179 1428 1246 APOSTOLORUM.

752 1396 813 1461 An
836 1410 1029 1463 vestinis

293 1532 376 1597 Ant.
401 1534 520 1597 Estote
536 1534 637 1599 sortes
652 1535 686 1598 in
701 1534 798 1600 bello.

295 1620 431 1683 Psalmi
433 1622 581 1701 semeles.

298 1706 485 1789 Capitulum
500 1709 576 1790 Jam
595 1729 662 1771 non
686 1710 773 1771 estis,
818 1708 866 1771 Et
881 1717 984 1772 cetera
1005 1709 1116 1771 omm'a
1131 1720 1169 1772 ut
1186 1709 1423 1789 supradictum
1445 1718 1494 1771 cst

383 1796 418 1857 in
434 1796 541 1857 natali
553 1797 653 1858 um'us
666 1796 807 1877 apostoli.

297 1880 563 1963 Evangelium”
578 1884 761 1946 secundum
776 1882 965 1963 Johannem
982 1894 1053 1944 sev.a

298 1966 336 2029 In
353 1968 410 2030 illo
426 1980 576 2051 tempore
592 1971 691 2032 Dixit
712 1969 809 2050 Jesus
824 1969 993 2051 discipulis
1011 1969 1079 2031 suis
1097 1969 1170 2031 Hec
1194 1969 1317 2032 mando
1339 1968 1434 2032 vobis
1456 1977 1492 2031 ut

383 2056 530 2137 diligatis
545 2058 685 2119 invicem
701 2057 785 2118 sicut
801 2055 904 2117 dilexi
921 2058 1000 2118 vos.l
1046 2056 1091 2118 Et
1108 2056 1239 2138 reliqua.

297 2139 430 2203 Omelia
447 2144 534 2205 beati
549 2142 730 2224 Augustini
747 2144 788 2206 de
803 2144 922 2204 eadem
939 2142 1087 2205 lectione.

297 2227 447 2292 *Caritas
464 2229 587 2292 fructus
603 2241 714 2291 noster
728 2240 779 2291 est
794 2250 894 2311 quarn
916 2228 1031 2292 definit
1047 2224 1217 2311 apostolus
1232 2230 1275 2293 de
1297 2230 1396 2291 corde
1412 2249 1495 2311 puro

381 2328 415 2378 et
427 2318 629 2379 conscicntia
644 2316 732 2379 bona
744 2328 777 2379 et
793 2316 857 2379 fide
868 2336 934 2378 non
947 2315 1029 2379 ficta.
1077 2317 1153 2379 Hac
1168 2316 1338 2398 diligimus
1354 2316 1493 2378 invicem

383 2402 445 2465 hac
457 2404 625 2484 diligimus
640 2404 750 2466 deum.

296 2487 406 2551 Lectio
435 2491 504 2552 otii.
551 2490 668 2572 Neque
691 2492 779 2552 enim
810 2510 887 2552 vera
910 2488 1088 2552 dilectione
1110 2489 1321 2570 diligeremus
1353 2488 1492 2550 invicem

384 2578 445 2638 nisi
456 2575 668 2657 diligeremus
677 2578 786 2638 deum.
823 2576 941 2656 Diligit
955 2578 1044 2638 enim
1061 2578 1286 2657 unusquisque
1301 2576 1492 2658 proximum

384 2673 544 2745 tanquam
564 2664 789 2744 semetipsum,
804 2664 830 2724 si
852 2664 961 2743 diligit
982 2664 1089 2725 deum.
1137 2664 1225 2725 Nam
1251 2664 1278 2724 si
1301 2664 1401 2725 deum
1426 2681 1493 2724 non

385 2751 503 2831 diligit,
520 2769 586 2811 non
603 2752 819 2831 semetipsum
836 2750 953 2831 diligit.

297 2834 407 2898 Lectio
430 2837 471 2898 ix.
519 2838 558 2899 In
581 2837 632 2898 his
655 2836 785 2898 duobus
808 2838 955 2898 caritatis
972 2837 1135 2919 preceptis
1158 2846 1231 2898 tota
1254 2836 1309 2898 lex
1334 2835 1494 2915 penderet

385 2923 556 3004 prophete.
602 2923 668 2985 Hic
684 2936 734 2985 est
751 2922 874 2986 fructus
893 2935 1011 2985 noster.
1060 2923 1111 2985 De
1135 2922 1241 2985 sructn
1266 2924 1378 3002 itaque
1400 2921 1496 2983 nobis

385 3011 548 3072 mandans
565 3009 639 3073 Hec
650 3012 773 3073 mando
784 3010 896 3092 itaque
905 3010 998 3072 vobis
1011 3019 1047 3071 ut
1059 3010 1204 3090 diligatis
1218 3010 1366 3083 invicem,
1376 3008 1498 3088 adjecit

385 3098 547 3246 gitquehai}
564 3095 599 3161 Si
616 3098 760 3160 mundus
775 3117 834 3160 vos
850 3097 921 3160 odit
933 3098 1051 3159 scitote
1066 3098 1143 3178 quia
1160 3117 1214 3158 me
1237 3096 1378 3177 priorem
1402 3095 1496 3158 vobis

434 3186 465 3245 io
504 3204 523 3246 a
548 3184 605 3247 uit.

364 3425 375 3447 ⁸
392 3420 418 3468 H
438 3419 482 3467 has
500 3420 562 3467 Item
575 3422 655 3469 um’m
671 3422 785 3486 Apostoli
795 3421 927 3485 Expositio
960 3456 966 3469 .
1003 3456 1010 3470 .
1046 3455 1053 3469 .
1089 3418 1151 3468 with
1163 3418 1262 3469 Omelia
1281 3418 1348 3467 beati
1365 3416 1499 3481 Augustini

296 3499 409 3562 episcopi
420 3499 452 3546 de
464 3498 552 3546 eadem
569 3498 685 3548 lectione.
722 3499 814 3548 Merito
826 3499 944 3561 magister
960 3499 1040 3547 bonus
1050 3497 1211 3547 dilectionem
1222 3497 1257 3545 sic
1269 3511 1327 3559 sepe
1339 3496 1499 3545 commendat

296 3587 415 3641 tanquam
432 3575 485 3624 sola
501 3575 662 3639 precipienda
678 3576 710 3624 sit
726 3577 780 3625 sine
795 3592 844 3640 qua
860 3591 912 3625 non
930 3584 1032 3641 possunt
1045 3576 1160 3639 prodesse
1171 3584 1254 3623 cetera
1265 3574 1339 3628 bona,
1354 3581 1436 3636 etque
1449 3588 1500 3621 non

295 3664 375 3718 potest
393 3653 477 3701 haberi
488 3652 541 3700 sine
553 3654 642 3702 ceteris
656 3654 736 3702 bonis.
774 3656 821 3702 Pro
839 3653 884 3703 hac
900 3664 984 3702 autem
996 3652 1135 3702 dileccione
1152 3652 1273 3715 patienter
1290 3651 1411 3699 debemus
1422 3650 1499 3698 etiam

297 3732 386 3781 mundi
398 3732 456 3780 odia
467 3730 593 3779 sustinere.
629 3732 738 3780 Necesse
750 3741 787 3780 est
799 3731 865 3780 enim
876 3741 904 3780 ut
916 3747 961 3780 nos
973 3731 1053 3780 oderit
1064 3745 1125 3793 quos
1137 3730 1215 3778 cernit
1226 3728 1293 3777 nolle
1304 3728 1371 3791 quod
1383 3727 1472 3791 diligit.

377 3810 460 3859 Lectio
469 3808 527 3860 viii.
562 3808 606 3859 Set
619 3808 750 3873 plurimum
761 3809 793 3857 de
810 3809 892 3872 seipso
909 3824 955 3857 nos
973 3808 1097 3857 Dominus
1113 3806 1254 3855 consolatur
1269 3806 1311 3869 qui
1326 3821 1382 3854 cum
1399 3804 1501 3854 dixisset

296 3888 354 3936 Hec
366 3888 459 3937 mando
469 3889 541 3937 vobis
551 3896 578 3936 ut
589 3886 698 3949 diligatis
710 3886 828 3946 invicem,
840 3886 931 3935 adiecit
943 3895 1015 3950 atque
1028 3885 1070 3943 ait,
1081 3885 1109 3933 Si
1117 3885 1223 3932 mundus
1232 3899 1275 3931 vos
1284 3883 1336 3931 odit
1343 3882 1432 3931 scitote
1443 3882 1502 3946 quia

297 3981 337 4013 me
346 3965 452 4028 priorem
462 3966 534 4014 vobis
541 3965 600 4014 odio
613 3962 706 4012 habuit.
736 3964 787 4014 Cur
799 3980 857 4026 ergo
866 3980 892 4012 se
902 3965 1039 4012 membrum
1051 3978 1124 4025 super
1132 3962 1249 4010 verticem
1260 3960 1374 4009 extollit?
1391 3960 1502 4008 Recusas

295 4058 350 4091 esse
367 4042 393 4090 in
404 4058 506 4107 corpore
518 4044 538 4091 si
558 4058 608 4091 non
626 4041 664 4090 vis
681 4041 766 4089 odium
784 4041 872 4089 mundi
891 4041 1012 4090 sustinere
1026 4056 1083 4090 cum
1100 4040 1201 4105 capite:
1217 4039 1238 4087 si
1258 4039 1290 4087 de
1307 4038 1401 4087 mundo
1421 4036 1501 4101 inquit

298 4119 384 4168 essetis
395 4120 501 4169 mundus
512 4120 578 4185 quod
591 4134 662 4167 suum
674 4127 726 4166 emt
738 4118 857 4182 diligeret.

379 4197 459 4245 Lectio
471 4199 506 4246 ix.
545 4197 666 4247 Universe
677 4196 759 4259 itaque
768 4194 814 4245 hoc
823 4196 885 4245 dicit
892 4194 996 4244 ecclesie
1004 4210 1078 4259 quam
1089 4194 1231 4258 plerumque
1241 4193 1315 4241 etiarn
1325 4192 1405 4255 ipsum
1413 4190 1501 4240 mundi

296 4273 399 4322 nornine
410 4274 519 4338 appellat
530 4275 593 4323 sicut
604 4282 641 4321 est
654 4273 714 4321 illud
726 4292 732 4321 ι
751 4274 821 4321 Deus
831 4273 918 4321 eratin
931 4272 1022 4322 christo
1031 4272 1151 4320 mundum
1162 4271 1326 4321 reconcilians
1337 4270 1391 4318 sibi.
1424 4269 1500 4317 Item-

295 4368 343 4416 que
362 4351 441 4401 illud:
464 4353 522 4401 Non
540 4352 608 4400 venit
627 4351 692 4399 tilius
709 4349 817 4399 hominis
836 4360 863 4399 ut
878 4350 974 4413 judicet
992 4350 1112 4399 mundum
1123 4350 1167 4398 sed
1179 4358 1206 4397 ut
1217 4348 1323 4397 salvetur
1340 4347 1447 4396 mundus
1459 4362 1502 4410 per

297 4429 386 4493 ipsum.
429 4429 461 4478 Et
484 4430 508 4477 in
526 4427 631 4493 epistola
653 4444 697 4476 sua
713 4427 838 4492 johannes
856 4428 891 4476 ait
902 4428 1060 4477 Advocatum
1080 4426 1199 4476 habemus
1220 4427 1286 4490 apud
1307 4433 1401 4490 patrem
1421 4424 1502 4487 jesum

296 4506 415 4557 christum
424 4507 526 4570 justum,
538 4515 562 4555 et
575 4506 632 4569 Ipse
642 4515 679 4554 est
689 4505 831 4569 propitiatio
842 4515 999 4568 peccatorum
1007 4514 1153 4554 nostrorum.
1190 4505 1249 4553 Non
1258 4513 1353 4552 tanturn
1363 4511 1501 4551 nostrorum

297 4593 335 4633 set
363 4592 388 4633 et
417 4584 491 4633 totius
518 4583 613 4633 mundi.
648 4583 729 4633 Totus
749 4598 808 4646 ergo
834 4582 943 4631 mundus
965 4582 1071 4631 ecclesia
1094 4592 1149 4643 est;
1177 4590 1202 4632 et
1224 4590 1291 4632 totus
1313 4580 1421 4629 mundus
1442 4578 1497 4629 odit

298 4661 439 4712 ecclesiam.

365 4824 373 4856 ¹
392 4825 419 4875 H
431 4826 494 4876 adds
504 4825 621 4875 dominus
631 4824 681 4874 end
692 4823 768 4873 omits
778 4823 841 4874 sicut
853 4822 931 4873 dilexi
943 4839 994 4874 vos.
