3600 5834
364 759 395 794 22
828 749 883 798 AD
914 749 1109 798 VESPERAS.

364 898 404 960 In
412 900 517 978 fariis
530 900 713 983 antiphona.
757 900 864 983 Juxta
879 902 1090 982 eloquium...

366 985 559 1068 Capitulum.
621 988 735 1069 Empti
766 991 854 1052 enim
885 990 964 1051 estis
995 989 1105 1070 precio
1139 1007 1281 1069 magno:
1315 984 1496 1068 glorificate
1523 993 1557 1046 et

450 1086 581 1153 portate
597 1075 697 1137 deum
715 1076 748 1137 in
765 1096 902 1154 corpore
916 1087 1034 1137 vestro¹

448 1162 689 1243 URedim⁸···
822 1159 1089 1239 VPesmcus...
1137 1160 1190 1223 Et.
1236 1159 1355 1223 Gloria.
1392 1159 1557 1221 Redimc.·=¹

578 1247 611 1326 >V
633 1249 691 1311 Ab
706 1250 885 1312 occultis...

363 1447 474 1511 'Onia
498 1448 645 1529 supernos
669 1449 857 1529 assz'gnalns
878 1460 942 1529 pro
971 1448 1141 1511 donn'nicis
1169 1456 1200 1508 ot
1220 1446 1331 1526 feriis,
1355 1445 1403 1508 ad
1424 1446 1555 1507 tertiam

446 1545 569 1597 soriam
584 1545 616 1597 et
641 1556 758 1596 nonam
775 1537 810 1596 in
824 1535 1011 1615 antiphonis
1024 1534 1174 1616 capitulis
1188 1533 1396 1614 responsoriis
1410 1542 1441 1594 at
1454 1534 1555 1594 versi·

447 1622 528 1683 ariis
557 1623 741 1684 observetur
763 1640 825 1703 por
845 1642 968 1683 aronam
999 1622 1126 1702 quondo
1147 1620 1187 1682 do
1206 1620 1367 1681 donn'nica
1389 1620 1442 1681 vol
1458 1620 1554 1699 soria

446 1709 563 1785 (igilur
575 1709 615 1770 nb
630 1710 750 1770 octavis
769 1709 940 1789 epiphanio
955 1729 1052 1788 usqne
1067 1708 1114 1769 ad
1133 1708 1190 1770 lxx
1201 1717 1233 1769 ot
1254 1706 1293 1767 ab
1309 1707 1429 1767 octavis
1442 1706 1554 1768 sollon-

447 1796 563 1858 rn'lotis
576 1797 714 1875 conparis
728 1795 843 1857 christi
856 1816 955 1875 nsque
969 1796 1018 1857 aa'
1034 1796 1219 1866 adventurn,
1239 1794 1370 1874 exceptis
1385 1793 1556 1855 donnnicis

447 1903 468 1942 a
483 1883 541 1943 lxx
553 1883 602 1944 ad
611 1883 649 1944 xl
660 1904 721 1964 qne
734 1883 782 1944 ad
792 1882 890 1944 horas
896 1883 1034 1963 propria
1047 1881 1166 1944 habent
1177 1879 1369 1961 capitula.“

586 2161 699 2247 [lini-1
724 2179 772 2226 nn
796 2178 972 2228 vnsnnms
995 2177 1106 2226 mun
1129 2162 1337 2248 sneunnn]b

356 2322 412 2384 I’s.
429 2323 510 2385 cxix
555 2322 612 2385 Ad
629 2324 843 2387 dominum...
1063 2324 1142 2386 Ant.
1188 2322 1380 2387 Clamavi...

357 2411 412 2471 l²s.
429 2431 498 2472 cxx
556 2410 678 2473 Levavi
693 2412 847 2474 oculos...
1059 2411 1139 2473 Ant.
1185 2410 1402 2473 Auxilium...

359 2495 555 2575 Capitulum.
600 2497 767 2560 Dominus
783 2509 905 2560 autem.

356 2583 517 2660 Hyrnmn.
600 2585 768 2647 immense
783 2586 843 2647 celi
859 2584 1051 2647 conditor...

356 2670 435 2732 Ant.
493 2670 745 2750 Magnificemus
769 2672 928 2734 christum
957 2672 1079 2751 regcm¹
1107 2671 1280 2733 dominum
1309 2671 1365 2752 qui
1389 2670 1551 2751 superbos

570 2756 722 2819 humiliat
738 2768 771 2820 et
787 2758 916 2820 exaltat
932 2757 1081 2820 humiles.

355 2842 410 2905 l’s.
494 2843 712 2923 Magnificats

765 3200 915 3265 FERIA
946 3202 1138 3266 TERCIA.

355 3390 408 3453 Ps.
424 3390 505 3452 cxxi
616 3393 884 3456 Letatussum...
1039 3393 1120 3456 Ant.
1166 3394 1400 3455 Indomum...

354 3476 411 3539 Ps.
428 3478 521 3539 cxxii
613 3479 670 3541 Ad
686 3490 719 3542 te
735 3480 880 3543 levavi...
1039 3482 1120 3542 Ant.
1165 3478 1231 3561 Qui
1248 3480 1418 3542 habitas..

315 3631 318 3637 .
355 3563 411 3626 Ps.
426 3565 532 3625 cxxiii
614 3566 686 3627 Nisi
702 3568 821 3647 quia...
1038 3566 1118 3628 Ant.
1163 3566 1420 3647 Adjutorium...

356 3650 412 3712 l’s.
429 3653 534 3713 cxxiv
614 3652 679 3732 Qui
696 3654 909 3716 confidunt...
1040 3654 1120 3714 Ant.
1168 3653 1351 3715 Beneiac...

355 3736 410 3798 l’s.
427 3758 519 3799 cxxv
617 3738 654 3799 ln
670 3742 934 3803 convertendo...
1038 3741 1119 3803 Ant.
1164 3740 1258 3802 Facti
1275 3760 1428 3803 sumus...

356 3822 553 3903 Cnpitnlmn.
613 3825 778 3889 Dominus
794 3836 905 3889 autem
923 3827 1051 3907 dirigat.

354 3910 515 3989 Hymnus.
614 3912 756 3975 Telluris
772 3915 888 3995 ingens
904 3912 1108 3976 conditor²...
1155 3910 1189 3989 >7
1213 3913 1391 3994 Dirigatur.

353 3997 433 4059 Ant.
612 3999 845 4063 Exultavitd...
1037 4000 1091 4062 Ps.
1161 4000 1510 4081 Magnificatanimas

420 4191 431 4214 ⁸
451 4184 473 4234 U
486 4183 531 4231 has
545 4185 591 4234 Pes
602 4200 679 4235 meus.
715 4173 739 4249 >i
751 4188 784 4235 ab
795 4186 908 4244 occultis,
922 4185 978 4243 &c.,
992 4185 1077 4233 Preces
1088 4191 1212 4249 utsupra.

419 4261 430 4292 Β
448 4261 510 4309 from
525 4262 556 4311 U.

418 4347 428 4369 ³
446 4339 556 4389 Seventh
568 4340 650 4398 mode,
666 4349 701 4390 1st
714 4342 813 4405 ending.
851 4341 874 4391 U
887 4340 951 4390 adds
967 4342 1051 4389 Preces
1063 4339 1167 4403 feriolas
1177 4347 1201 4388 et
1217 4341 1439 4390 oraliosecnndnm
1457 4348 1552 4406 tempus

355 4422 474 4479 utsupra.

420 4507 432 4536 ¹¹
450 4506 503 4555 HU
524 4505 580 4569 give
593 4506 703 4567 Exultet,
724 4509 774 4557 and
795 4508 837 4557 the
857 4507 1092 4572 antiphonisquite
1110 4506 1225 4557 different
1246 4508 1308 4557 irum
1323 4508 1366 4557 the
1383 4509 1472 4559 Sarum
1492 4528 1550 4569 one,

355 4585 492 4648 belonging
504 4593 530 4632 ιο
542 4584 584 4632 the
597 4584 651 4633 fiiih
664 4586 738 4634 mode
751 4587 846 4635 instead
858 4586 888 4635 os
902 4587 945 4636 the
956 4586 1046 4636 fourth.

420 4671 430 4691 ·
451 4661 471 4710 U
485 4661 547 4709 adds
559 4662 644 4710 fraces
655 4670 686 4709 ut
695 4671 779 4725 snpra.

421 4830 428 4859 ¹
449 4828 471 4878 U
484 4827 529 4878 has
547 4845 629 4894 regem
640 4830 768 4882 christum.
837 4827 848 4860 ²
866 4834 884 4880 l’
896 4833 913 4880 1.
929 4832 1000 4881 zhns
1011 4845 1121 4888 exuens;
1140 4830 1166 4879 11
1179 4833 1196 4880 l.
1213 4843 1243 4880 10
1254 4831 1298 4880 has
1310 4832 1390 4881 virore
1401 4833 1491 4897 gracie.
