3600 5834
873 581 924 630 LE
928 581 953 629 T
949 580 1051 629 ANIA.

848 833 1081 900 SABBATO.

361 1021 416 1083 Ps.
435 1020 524 1083 cxliii
623 1020 821 1084 Benedictus
836 1020 1032 1083 dominus..
1048 1019 1128 1083 Ant.
1175 1020 1414 1084 Benedictus..

361 1108 417 1170 Ps.
435 1109 537 1170 cxliiii
623 1108 881 1170 Exaltabote...
1047 1108 1127 1171 Aut.
1174 1108 1212 1169 ln
1229 1117 1421 1170 eternum...

361 1195 420 1257 Ps.
438 1195 516 1257 cxlv
621 1195 739 1257 Lauda
754 1195 864 1256 anima
883 1214 997 1257 mea...
1047 1195 1127 1256 Ant.
1174 1194 1336 1257 Laudabo
1352 1197 1493 1258 deum...

362 1282 419 1345 Ps.
436 1282 524 1344 cxlvi
622 1283 773 1349 Laudato
788 1281 1002 1343 dominum...
1048 1282 1128 1342 Aut.
1174 1281 1249 1343 Deo
1265 1292 1418 1343 nostr0...

362 1368 419 1430 Ps.
437 1368 537 1430 cxlvii
623 1369 741 1430 Lauda
756 1368 994 1429 hierusalem...
1049 1367 1128 1429 Aut.
1176 1369 1293 1431 Lauda
1317 1366 1557 1431 hierusalem...

365 1454 561 1536 Capitulum.
617 1455 816 1518 Benedictus
831 1457 953 1516 deus..

362 1542 521 1622 Hyuruus.
620 1542 652 1605 Ο
670 1542 727 1603 lux
744 1542 843 1604 beata
858 1542 1013 1604 Trinitas,

448 1626 482 1706 ll
505 1629 743 1709 Vespertina...
1049 1628 1085 1710 Rt
1108 1628 1153 1689 Et
1168 1628 1404 1691 descendnta...

363 1713 455 1778 *Hac
478 1717 652 1795 capitulum
674 1735 798 1795 ymnus
829 1724 861 1776 et
889 1714 1065 1776 versiculus
1094 1715 1248 1776 dr'cruztur
1275 1715 1323 1776 ad
1348 1726 1494 1795 vesperas
1525 1716 1560 1776 iu

448 1802 591 1864 sabbatis
616 1802 760 1882 quatuus
784 1802 824 1863 de
853 1801 1013 1863 dominica
1039 1802 1154 1881 agitur
1177 1801 1217 1862 ab
1243 1803 1364 1863 actaeis
1389 1801 1561 1881 epypleamu

448 1910 545 1969 usque
560 1890 608 1951 ad
623 1889 663 1950 xl
681 1899 712 1950 et
725 1888 765 1950 ab
780 1889 901 1949 artavis
915 1888 1053 1967 carparis
1067 1888 1183 1949 christi
1204 1889 1364 1968 usquead
1384 1889 1560 1949 aelueulum

449 1976 581 2050 dauu'ui,
597 1985 717 2056 excepta
740 1976 878 2055 capitulo
902 1976 990 2056 quad
1012 1996 1074 2037 uau
1101 1976 1227 2037 dicetur
1250 1997 1271 2037 a
1295 1975 1562 2056 quinquagesima

449 2084 548 2144 usquc
561 2063 609 2125 ad
617 2061 706 2126 xlf*

361 2342 418 2405 Ps.
435 2342 546 2405 cxlviii
622 2342 773 2403 Laudate
789 2340 1003 2404 dominum...

362 2430 529 2492 Pscxlix
624 2428 954 2500 Cantatedomino...

364 2517 420 2578 Ps.
437 2517 466 2578 cl
622 2515 773 2577 Laudato
789 2514 1003 2576 dominum...

366 2602 558 2667 *Canticum
575 2601 746 2663 Arubrusii
754 2609 785 2661 et
799 2599 830 2661 Α
835 2601 1026 2681 ιιμιεῖέ)ιὶ“
1071 2601 1121 2664 Te
1136 2603 1277 2665 deum...

366 2688 540 2751 *Danielis
556 2687 631 2749 iii**
677 2687 908 2751 Benedicite...

367 2773 557 2840 'Canticum
574 2773 738 2836 Zaclrarie
952 2774 1038 2837 Luca
1055 2774 1108 2836 i**
1155 2775 1381 2837 Benedictus,b

314 2882 316 2884 ·
370 2861 539 2926 Canticum
553 2862 652 2923 Beate
669 2861 784 2925 Maria
956 2861 1064 2923 Lucci
1111 2861 1313 2942 Magnificat.

957 2949 1042 3010 Luce
1058 2949 1078 3009 ii
1114 2948 1390 3012 Nuncdimittisc

845 3274 1106 3357 [turrinus]

371 3438 476 3520 Kyrie
491 3437 636 3518 eleyson.
680 3434 811 3500 Christe
827 3433 973 3515 eleyson.

371 3526 501 3590 Christe
517 3525 593 3587 audi
610 3544 678 3586 nos.

372 3614 469 3675 Pater
484 3614 525 3675 de
540 3611 619 3673 celis
634 3612 724 3686 deus,

415 3699 571 3761 Miserere
587 3698 689 3759 nobis.

371 3786 435 3849 Fili
452 3787 640 3866 redemptor
655 3783 769 3845 mundi
785 3782 876 3859 deus,

417 3873 572 3933 Miserere
588 3870 691 3933 nobis.

373 3957 516 4041 Spiritus
531 3968 644 4021 sancte
659 3958 750 4033 deus,
764 3983 766 3988 ·

418 4047 574 4108 Miserere
589 4044 694 4106 nobis.

373 4131 497 4198 Sancta
513 4133 641 4193 trinitas
657 4150 741 4193 unus
756 4130 847 4207 deus,

417 4220 573 4282 Miserere
590 4217 691 4281 nobis.

436 4399 449 4423 ⁸
462 4393 490 4470 'U
502 4392 565 4442 adds
576 4393 707 4441 Mcmm'a.
718 4393 740 4441 C
738 4388 909 4455 autpletan'um
922 4388 974 4437 &a
988 4390 1016 4438 de
1027 4389 1088 4437 sarie
1098 4388 1211 4452 tenuioris
1222 4395 1245 4436 ct
1255 4389 1376 4438 similiter
1385 4388 1524 4452 antiphona
1536 4390 1572 4436 ad

372 4458 558 4599 ''daglfillagup
575 4523 638 4573 lrorn
655 4538 725 4572 verse
742 4535 757 4586 3
776 4530 803 4572 to
822 4521 865 4572 the
882 4517 973 4570 endos
993 4517 1035 4568 the
1047 4518 1138 4582 Litany
1150 4518 1188 4579 [ut
1207 4497 1326 4570 eunctum
1345 4519 1476 4584 populum]
1493 4518 1569 4569 chris·

373 4595 498 4703 um‘mll
505 4654 566 4703 adds
578 4653 726 4718 Quicunque
736 4653 819 4705 vult...
