3600 5834
263 692 312 742 IN
324 692 376 742 ΝΑ
383 693 474 742 rm
485 691 750 744 PLURIMORUM
761 692 977 744 MARTIRUM
988 692 1130 744 NOVEM
1142 692 1377 744 LECTIONUM.
1402 703 1432 757 55

320 846 462 928 primum
478 845 539 908 hec
561 843 630 909 fieri
652 844 711 909 sed
734 845 884 909 nondum
907 846 1021 910 statim
1036 845 1131 909 finis:
1153 846 1210 928 qui
1233 858 1344 909 autem
1361 867 1433 929 per·

319 933 515 996 severaverit
530 933 563 995 in
580 932 679 995 finem
696 932 749 996 hic
765 933 875 997 salvus
892 934 981 997 erit.a
1109 934 1166 998 Ps.
1192 933 1399 998 Benedictus.

230 1018 283 1081 Et
295 1019 450 1082 dtiuntur
462 1019 600 1082 alternis
618 1018 749 1083 vicibus.

231 1104 349 1170 Oratio
364 1115 522 1188 utsupra.
566 1105 674 1189 [Deus
689 1108 746 1187 qui
762 1104 859 1192 nos]b

711 1437 771 1501 An
802 1451 961 1505 ammon.

230 1573 314 1637 Ant.
339 1574 513 1658 Martyres.
580 1574 673 1656 [Ant.
690 1575 741 1638 Te
758 1574 841 1656 jure.
884 1575 942 1640 Ps.
967 1574 1207 1659 Quicunque.]b
1249 1634 1255 1648 ,

705 1909 766 1971 An
789 1922 970 1972 ‘suumn

232 2042 314 2105 Ant.
338 2041 424 2106 Cum
441 2041 561 2124 palma.

237 2126 311 2211 Cap.
338 2129 512 2192 Iustorum

232 2218 266 2287 R
293 2215 459 2279 Letamini
476 2216 509 2277 in
525 2214 663 2278 domino
677 2224 711 2278 et
726 2214 876 2278 exultate
895 2213 986 2296 justi.

231 2304 272 2364 ff
293 2303 338 2366 Et
352 2302 539 2384 gloriamini
555 2322 672 2364 omnes
687 2302 765 2364 recti
780 2301 887 2364 corde

378 2391 416 2450 ff
434 2389 599 2452 Exultent
615 2389 699 2451 iusti.
1041 2387 1113 2469 [Or.
1130 2387 1222 2451 Deus
1237 2390 1293 2470 qui
1311 2388 1403 2472 nos]b

712 2716 773 2780 Au
803 2732 964 2784 sexanti.

234 2848 315 2912 Ant.
340 2850 487 2933 Corpora
503 2860 704 2916 sanctorum.

238 2934 312 3017 Cap.
338 2937 505 3020 Martyres
528 2938 634 3001 sancti
651 2938 683 2999 in
701 2939 813 3020 paucis
830 2940 943 3001 uexati
967 2939 999 3000 in
1024 2938 1136 3000 multis
1159 2938 1244 3001 bene
1259 2938 1440 3019 disponun-

323 3026 388 3086 tur¹
398 3026 556 3107 quoniam
572 3024 655 3088 deus
671 3026 811 3088 tentavit
826 3045 882 3088 eos
897 3036 932 3089 et
948 3026 1072 3088 invenit
1088 3024 1161 3087 illos
1176 3025 1295 3106 dignos
1312 3044 1354 3087 se.

233 3112 267 3181 R
291 3110 457 3175 Exultent
472 3112 548 3174 iusti
563 3112 596 3174 in
612 3122 790 3194 conspectu
807 3112 869 3175 dei.

235 3198 274 3258 st
292 3196 338 3260 Et
356 3196 561 3261 delectentur
577 3199 610 3260 in
627 3198 737 3262 letitia
786 3200 834 3262 In.

409 3287 448 3345 ff
462 3285 548 3366 Justi
563 3296 685 3348 autem.

714 3639 775 3703 An
806 3653 953 3704 nonan.

234 3773 316 3837 Ant.
340 3772 554 3836 Exultabunt

237 3859 313 3942 cap.
335 3860 513 3942 Tanquam
537 3880 653 3922 aurum
679 3860 712 3922 in
738 3863 870 3924 fornace
901 3861 1052 3943 probavit
1077 3861 1199 3924 electos
1224 3860 1379 3924 dominus
1405 3870 1439 3925 et

322 3947 417 4030 quasi
446 3947 630 4010 holocausti
660 3947 779 4011 hostie¹
808 3949 938 4031 accepit
970 3948 1042 4010 illos
1068 3958 1102 4011 et
1132 3949 1164 4010 in
1195 3957 1344 4030 tempore
1373 3949 1435 4010 erit

324 4044 492 4117 respectus
508 4034 661 4097 illorum.³

235 4123 270 4195 R
289 4121 376 4203 Justi
392 4131 505 4184 autem
521 4121 555 4182 in
571 4130 766 4203 perpetuum
783 4120 903 4185 vivent.

234 4209 275 4269 Ι
290 4208 337 4271 Et
351 4208 440 4291 apud
457 4208 630 4270 dominum
646 4218 697 4271 est
712 4228 836 4272 merces
851 4228 975 4271 eorum.
1024 4208 1061 4270 In
1079 4217 1284 4290 perpetuum.

410 4297 449 4356 V
466 4294 628 4357 Mirabilis
643 4294 734 4386 deus.

302 4638 315 4660 ³
332 4630 398 4680 First
409 4631 493 4692 mode,
508 4631 562 4682 fifth
574 4632 676 4697 ending.
876 4631 888 4664 ¹¹
905 4632 968 4682 lrom
982 4632 1018 4683 H.

305 4758 312 4786 ¹
330 4759 495 4824 disponentur
507 4761 542 4811 H.
782 4757 794 4789 ¹
810 4760 918 4810 hostiam
936 4760 972 4812 ll.
1203 4757 1321 4809 ⁸Eorum
1335 4760 1375 4807 W.
