3600 5834
549 773 674 825 SEXTA
691 772 763 824 DIE
777 775 803 825 A
820 772 1063 825 NATIVITATE
1078 772 1231 824 DOMINI.
1447 781 1491 835 171

435 1030 596 1097 SEXTA
627 1032 713 1095 DIE
744 1019 778 1096 Α
810 1030 1115 1097 NATIVITATE
1145 1031 1355 1098 DOMINI.a

734 1218 796 1281 An
819 1229 1049 1282 nrnrununs.

291 1357 392 1421 invit
417 1356 568 1421 Christus
580 1367 678 1419 natus
693 1366 752 1419 est.
1055 1351 1114 1416 Ps.
1137 1351 1268 1417 Venite.

303 1444 435 1507 Ymnns.
452 1444 582 1509 Christe
598 1446 797 1526 redemptor.

293 1531 457 1613 *chniro
471 1531 527 1594 lnc
534 1530 681 1612 predicta
696 1530 731 1593 in
748 1529 923 1594 nativitate
936 1527 1112 1592 dorninz'.“

785 1681 827 1744 In
843 1690 1003 1743 nocturno.

293 1861 375 1924 Ant.
399 1861 566 1924 Dominus
582 1862 678 1924 dixit.
722 1860 780 1923 Ps.
805 1859 917 1941 Quare
932 1859 1136 1922 fremuerunt
1123 1866 1189 1920 tet
1210 1866 1303 1919 cetere
1326 1853 1498 1936 antiphone

381 1970 453 2010 cnm
475 1949 546 2011 suis
560 1948 710 2011 Psalmis
731 1945 974 2010 nocturnalibus
989 1946 1076 2008 utin
1091 1944 1143 2007 die
1162 1943 1349 2007 nativitatis
1370 1941 1499 2004 donnini

381 2036 542 2098 dictentur.

295 2120 338 2199 ἵ.
361 2122 539 2203 Tanquam
554 2142 704 2204 sponsus

302 2209 382 2272 Tres
396 2210 541 2271 lectiones
545 2210 639 2291 fiant
652 2230 723 2271 cunt
740 2207 897 2289 regnmnnne
911 2206 1007 2269 citari.

296 2296 404 2359 Lectio
420 2297 458 2357 ib
482 2295 625 2378 Oportet
641 2316 710 2371 nos,
728 2295 842 2357 fratres
858 2294 1018 2356 carissimi
1010 2291 1077 2355 'de
1102 2290 1158 2355 illa
1178 2291 1303 2354 deitate
1326 2289 1495 2371 disputare

384 2403 449 2463 que
475 2382 656 2446 humanam
681 2403 740 2465 pro
767 2382 863 2444 nobis
887 2381 1032 2462 suscepit
1058 2379 1328 2453 incarnationem,
1351 2388 1384 2440 et
1408 2378 1495 2440 hunc

385 2470 473 2531 diem
489 2470 712 2532 venerabilem
735 2488 827 2531 omni
819 2466 981 2549 spiritali
1006 2465 1130 2548 gaudio
1152 2464 1325 2540 celebrare,
1341 2464 1419 2546 quia
1435 2463 1496 2526 hec

385 2565 436 2618 est
451 2555 522 2619 dies
538 2577 638 2637 quam
655 2555 841 2656 patriarche
857 2553 1091 2617 desiderabant
1113 2561 1147 2616 et
1166 2552 1327 2635 prophete
1350 2571 1495 2634 pronun·

384 2643 521 2716 tiabant,
538 2655 572 2706 et
589 2645 665 2705 iusti
681 2653 715 2706 et
730 2643 836 2705 sancti
852 2642 963 2705 videre
978 2641 1149 2723 optabant.

298 2731 341 2810 Rt
366 2730 479 2793 Hodie
495 2731 590 2793 nobis
607 2728 664 2814 [de
679 2729 781 2811 celis]

297 2817 407 2880 Lectio
423 2818 457 2880 ii.
482 2816 557 2898 Que
587 2818 676 2880 enim
708 2838 759 2880 res
791 2815 896 2879 maior
922 2814 955 2877 in
987 2814 1113 2877 mundo
1142 2822 1201 2877 aut
1227 2812 1399 2876 sublimior
1424 2831 1497 2874 esse

386 2905 504 2986 potuit,
534 2925 635 2986 quam
667 2914 703 2967 ut
735 2913 811 2985 post
842 2902 943 2983 longa
972 2901 1083 2964 secula
1113 2902 1183 2983 ipse
1210 2901 1312 2963 homo
1338 2899 1431 2962 fieret
1454 2899 1496 2961 de

387 3002 501 3069 matre,
531 2993 587 3073 qui
618 3001 696 3054 ante
727 3010 827 3053 omne
856 2989 1055 3071 principium
1087 2988 1209 3050 mansit
1239 2997 1272 3049 et
1304 2995 1417 3049 manet
1454 2986 1496 3048 de

387 3089 489 3160 patre,
519 3078 804 3159 quemadmodum
834 3085 986 3139 sanctum
1011 3075 1220 3157 evangelium
1243 3074 1333 3156 quod
1358 3073 1497 3136 audistis

388 3166 488 3227 modo
504 3166 558 3238 ait,
578 3166 615 3227 ln
633 3166 795 3248 principio
810 3173 881 3226 erat
896 3163 1042 3226 verbum.

299 3256 339 3325 ll.
364 3251 474 3333 Quem
490 3252 628 3314 vidistis.

298 3340 405 3402 Lectio
420 3340 468 3401 in.
494 3340 532 3402 ln
558 3338 728 3421 principio,
753 3338 815 3401 hoc
842 3346 893 3400 est
924 3337 958 3399 in
989 3337 1165 3399 eternitate
1198 3335 1300 3417 patris
1331 3343 1401 3397 erat
1427 3333 1498 3396 sine

387 3426 481 3488 initio
506 3428 644 3488 verbum
672 3426 772 3507 quod·
787 3434 838 3488 est
862 3423 949 3486 filius
973 3423 1085 3506 patris,
1102 3434 1135 3485 et
1162 3423 1242 3485 illud
1265 3421 1402 3484 verbum
1428 3430 1498 3483 erat

387 3513 476 3595 apud
493 3512 593 3575 deum
611 3522 739 3594 patrem
756 3520 790 3574 et
805 3512 972 3592 coequalis
989 3513 1071 3574 deus
1086 3520 1157 3573 erat
1172 3510 1277 3592 patri3
1301 3528 1368 3571 non
1384 3520 1498 3571 tamen

387 3601 454 3662 duo
473 3598 526 3662 dei
550 3601 713 3663 sedunus
736 3601 827 3676 deus,
843 3618 904 3661 nec
927 3597 994 3661 duo
1017 3598 1177 3680 principia
1201 3598 1258 3659 sed
1282 3615 1386 3659 unum
1409 3595 1498 3678 prin-

385 3707 515 3769 ciprum.

297 3778 337 3846 R.
354 3774 546 3838 Descendit.

298 3863 354 3924 Ps.
379 3861 429 3924 Te
445 3861 554 3924 deum.
827 3861 868 3923 V.
893 3858 970 3942 Ipse
986 3858 1160 3922 invocavit.

363 4084 375 4109 ¹
392 4075 427 4128 0²
443 4077 506 4127 adds
517 4077 538 4127 si
550 4075 683 4127 uacauerit.
720 4076 747 4125 H
759 4075 805 4124 has
817 4075 928 4125 FERIA
944 4074 1055 4124 INFRA
1071 4073 1245 4126 OCTAUAS.

364 4152 483 4204 bwhas

428 4233 510 4282 Lectio
533 4234 551 4282 i.
572 4233 603 4282 Iu
616 4231 741 4298 principio
752 4240 804 4281 erat
821 4231 926 4300 uerbum
943 4266 951 4281 .
969 4265 977 4281 .
996 4266 1004 4280 .
1023 4230 1086 4281 deus
1102 4239 1155 4280 erat
1172 4230 1285 4281 uerbum.
1320 4230 1351 4279 In
1364 4226 1498 4294 principio,

495 4310 542 4360 hoe
559 4320 595 4361 est
629 4346 636 4359 .
671 4344 679 4361 .
714 4345 721 4359 .
756 4308 892 4374 etatpatri.

429 4389 550 4438 latinii,
570 4389 629 4438 Non
642 4397 726 4437 tamen
760 4422 767 4437 .
800 4422 808 4438 .
844 4421 852 4437 .
888 4386 1054 4451 principium:
1072 4394 1098 4436 et
1113 4402 1189 4453 quam
1205 4386 1385 4451 sempiternum
1400 4384 1433 4434 sit
1451 4383 1501 4434 hoc

494 4467 599 4516 uerbum
611 4466 679 4532 quod
696 4465 771 4515 hodie
783 4464 854 4529 uirgo
870 4464 966 4528 genuit,
979 4463 1132 4528 euangelista
1148 4464 1258 4513 innotuit
1268 4463 1364 4524 dicens,
1378 4462 1437 4512 Hoc
1448 4473 1501 4512 erat

493 4544 520 4594 in
532 4544 657 4608 principio
668 4544 734 4607 apud
751 4543 835 4593 deum.
871 4543 929 4592 Nou
943 4550 998 4606 post
1008 4541 1109 4606 aliquod
1120 4541 1280 4592 interuallum
1290 4549 1393 4606 peteme
1409 4540 1501 4605 sempi-

493 4621 618 4671 ternitatis
626 4621 671 4669 sed
682 4621 708 4669 in
720 4620 773 4684 ipsa
784 4619 918 4669 eternitate
929 4628 955 4669 et
966 4618 1090 4685 principio
1101 4619 1186 4685 patris.

428 4700 513 4750 Lectio
524 4699 564 4748 iti.
584 4695 697 4750 Iceirco†
707 4713 758 4747 uua
768 4706 806 4747 est
817 4696 935 4747 uoluntas
946 4705 972 4746 et
983 4704 1094 4761 potestas
1105 4697 1182 4761 patris
1198 4704 1223 4746 et
1235 4695 1290 4756 filii,
1308 4710 1356 4746 nec
1372 4694 1424 4744 alia
1440 4694 1501 4744 fucit

493 4785 597 4840 pateret
608 4775 657 4824 alia
668 4774 733 4824 filius
743 4793 750 4826 z
762 4774 805 4824 sed
813 4789 961 4839 quecunque
972 4781 1043 4840 pater
1053 4773 1115 4825 lacit
1124 4773 1184 4825 iacit
1194 4789 1240 4840 per
1250 4772 1322 4824 illum
1330 4772 1394 4824 sieut
1402 4772 1500 4823 dietum

493 4863 540 4916 est,
553 4854 648 4905 Omnia
659 4869 703 4919 per
715 4854 796 4919 ipsum
808 4852 875 4904 laeta
885 4860 952 4903 suut.
