3600 5834
531 778 581 828 IN
602 779 752 829 NATALI
780 780 896 829 UNIUS
923 779 1113 830 APOSTOLI.
1391 788 1421 840 37

221 928 254 998 R
278 926 366 990 Ecce
380 948 484 1010 ego...
669 934 707 994 ff
729 933 818 996 Dum
835 932 985 997 lucem...
1136 933 1255 997 Estote
1270 952 1390 1013 ergo...

221 1015 255 1084 R
277 1012 401 1078 Tollite
413 1017 574 1098 jugum...
666 1020 707 1080 ff
725 1019 769 1083 Et
785 1021 999 1083 invenietis...
1132 1020 1256 1101 Jugum
1272 1020 1403 1081 enim...

222 1102 255 1170 R
278 1099 368 1164 Dum
385 1105 542 1166 steteritis
666 1108 705 1167 ff
722 1107 799 1169 Non
816 1108 906 1169 enim
922 1128 1021 1170 vos..
1135 1107 1281 1170 Dabitur
1296 1106 1394 1169 enim.

633 1389 675 1453 In
690 1391 824 1454 secundo
841 1402 999 1455 nocturno.

221 1525 303 1587 Ant.
328 1526 536 1608 Principes...
821 1528 878 1591 Ps.
903 1527 1030 1592 Omnes
1046 1537 1163 1610 gentes

221 1614 302 1674 Ant.
327 1612 457 1675 Dedisti
473 1615 733 1678 hereditatem...
823 1616 879 1677 Pr.
905 1616 1040 1678 Exaudi
1057 1615 1138 1677 deus
1154 1616 1420 1697 deprecationem

221 1700 301 1761 Ant.
325 1700 661 1763 Annuntiaverunt...
822 1702 879 1764 Ps.
905 1702 1040 1764 Exaudi
1056 1704 1138 1764 deus
1153 1703 1337 1765 orationem

549 1785 595 1871 [l]
620 1787 810 1851 Constitues
824 1809 882 1850 eos
899 1788 1092 1870 principes]a

222 1872 619 1944 RVidiconiunctos¹...
883 1877 922 1936 ff
941 1876 1015 1937 Vidi
1032 1875 1229 1956 angelum...
1354 1876 1422 1939 lsti.

222 1960 338 2031 lllsti
354 1970 433 2021 sunt
449 1961 746 2044 triumphatores...
879 1964 918 2023 W
936 1962 1188 2025 Sacramentum
1227 1961 1318 2042 regni
1356 1984 1422 2025 uno

959 2070 1015 2110 ore
1026 2050 1421 2131 predicantesdoctrinam

960 2156 1056 2198 suam
1095 2146 1202 2198 morte
1246 2135 1423 2198 fortissima

960 2231 1192 2285 consecrarunt
1275 2222 1420 2287 Modo...

222 2310 254 2378 ,R
280 2306 339 2369 lsti
355 2307 559 2371 viventes²...
879 2311 917 2370 ll
937 2308 1051 2374 Sancti
1067 2329 1126 2390 per
1141 2308 1282 2372 fidem...

1204 2395 1354 2477 Quorum
1368 2446 1374 2459 ¹
1383 2447 1389 2459 ι
1397 2397 1424 2459 ‘b

287 2696 299 2720 ⁸
316 2688 380 2737 from
393 2689 461 2739 HW.

287 2768 300 2799 l
319 2768 357 2815 H.
390 2767 473 2815 Lectio
484 2766 518 2815 iv.
539 2766 585 2815 Hii
598 2767 731 2815 duodecim
744 2766 840 2830 lapides
851 2765 950 2815 altaris:
965 2766 1011 2814 Hii
1022 2766 1155 2815 duodecim
1165 2765 1261 2830 lapides
1272 2766 1304 2814 de
1314 2764 1425 2829 Jordane

563 2844 669 2893 elevati:
684 2844 719 2892 hii
730 2845 863 2893 duodecim
875 2844 972 2906 lapides
985 2845 1009 2892 in
1022 2846 1130 2893 eundem
1140 2845 1222 2893 allati:
1237 2845 1283 2892 Hii
1292 2843 1426 2892 duodecim

562 2923 639 2971 duces
659 2922 816 2972 Salomonis:
836 2922 882 2969 Hii
894 2922 1028 2970 duodecim
1045 2923 1122 2970 boves
1133 2922 1179 2970 sub
1191 2922 1251 2970 mari
1269 2936 1339 2970 cneo.
1378 2921 1424 2968 llii

563 3000 697 3049 duodecim
709 2999 817 3048 leunculi
832 2999 856 3047 in
869 2998 960 3047 throno
972 2999 1119 3048 Salomonis
1153 3000 1198 3047 Ilii
1210 2999 1344 3047 duodecim
1356 3006 1425 3062 porte

562 3077 671 3126 civitatis
681 3096 688 3126 ι
702 3077 747 3124 llii
756 3077 806 3124 ‹luo
815 3078 998 3125 decimmenses
1007 3077 1067 3124 anni
1076 3095 1082 3125 :
1097 3076 1143 3124 llii
1152 3078 1202 3125 duo
1211 3075 1354 3125 decimhore
1363 3076 1422 3124 dici.

563 3154 602 3202 'l'u
615 3164 698 3203 autem
710 3155 828 3203 Domine.

385 3231 501 3281 [αἰὼν.
533 3231 579 3281 Isti
591 3241 647 3279 sunt
664 3233 754 3295 sagitte
775 3232 848 3281 misse
858 3231 891 3280 de
904 3247 979 3280 manu
999 3232 1178 3295 omnipotentis
1198 3231 1224 3279 in
1245 3231 1321 3280 corda
1340 3230 1423 3278 inimi-

563 3325 648 3357 corum
660 3309 731 3373 regis.
770 3310 816 3357 l¹er
829 3310 872 3357 hos
883 3310 1002 3372 pacificus
1018 3326 1061 3357 rex
1073 3318 1157 3357 noster
1168 3308 1324 3368 debella[vi]t
1335 3308 1424 3355 mundi

564 3387 703 3449 principem
715 3404 721 3434 :
740 3402 783 3450 per
796 3386 839 3435 hos
851 3402 926 3435 manu
938 3387 1008 3435 sortis
1019 3395 1102 3434 noster
1114 3402 1173 3434 vasa
1184 3386 1236 3434 eius
1247 3385 1339 3448 dirupit
1351 3404 1356 3433 :
1377 3386 1423 3433 l’er

565 3464 621 3512 illos
630 3480 688 3527 ergo
696 3464 761 3512 salus
767 3473 804 3511 est
813 3465 959 3513 confirmata
966 3463 1129 3513 credentium.
1156 3463 1291 3511 Videamus
1297 3464 1422 3526 quommlu

563 3557 608 3605 per
624 3541 688 3600 illos,
701 3542 759 3605 quia
778 3542 909 3590 veritatem
929 3557 1003 3605 quam
1026 3541 1241 3589 annunciaverunt
1270 3540 1422 3603 predicando

563 3618 772 3667 confirmaverunt
800 3620 947 3668 moriendo:
982 3629 1032 3667 tam
1060 3619 1134 3667 rebus
1160 3634 1234 3682 quam
1267 3617 1423 3665 sermonibus

562 3696 717 3744 declarantes
736 3711 810 3760 quam
822 3697 853 3745 sit
865 3697 960 3746 bonum
980 3697 1041 3746 illud
1053 3697 1079 3744 in
1091 3712 1135 3759 spe
1152 3707 1247 3744 certum
1260 3695 1285 3742 in
1297 3695 1421 3743 retributi-

563 3789 612 3822 one
633 3774 771 3837 preciosum
791 3775 816 3822 in
829 3777 984 3838 possessione
1001 3775 1138 3839 jocundum
1151 3789 1254 3837 proquo
1266 3772 1307 3821 lux
1320 3772 1423 3836 negligi-

562 3860 609 3907 tur,
622 3850 719 3913 gladius
730 3866 781 3898 non
794 3851 902 3909 timetur,
916 3868 1000 3900 amma
1012 3852 1171 3900 incuntanter
1182 3852 1305 3900 effuditur.

386 3929 466 3978 Lectio
475 3929 510 3978 vi.
531 3928 693 3977 Honorantes
705 3929 779 3991 igitur
795 3930 884 3978 annuis
900 3930 1127 3993 sollempnitatibus
1138 3929 1279 3979 Christiane
1292 3929 1350 3978 fidei
1369 3945 1422 3993 pre·

562 4006 686 4054 dicatores
698 4006 777 4068 ipsum
795 4006 878 4055 Deum
890 4024 919 4056 ac
932 4008 1070 4057 Dominum
1089 4017 1199 4056 nostrum
1219 4008 1261 4070 qui
1274 4006 1346 4056 huius
1363 4008 1422 4056 fidei

561 4093 647 4132 auctor
667 4092 704 4131 est
722 4083 809 4132 debita
833 4084 954 4148 religione
974 4100 1126 4135 veneramur.
1174 4084 1289 4147 Apostoli
1315 4100 1422 4148 namque

564 4160 657 4209 Latino
675 4176 790 4210 sermone
809 4162 926 4212 dicuntur
945 4163 1020 4211 missi.
1055 4162 1105 4225 Qui
1124 4178 1182 4224 ergo
1203 4161 1325 4210 honorant
1336 4162 1423 4211 missos

525 4285 534 4306 ,
567 4238 725 4287 manifestum
736 4248 774 4287 est
786 4255 828 4288 eos
841 4240 961 4290 honorare
972 4240 1114 4288 mittentem
1125 4240 1243 4303 quoniam
1255 4239 1422 4302 dignitasque

562 4315 671 4364 defertur
683 4316 801 4365 ministris
810 4318 845 4366 illi
854 4318 909 4366 sine
921 4318 999 4366 dubio
1007 4317 1076 4366 cuius
1088 4317 1193 4364 ministri
1205 4327 1261 4364 sunt
1273 4316 1422 4365 exhibetur:

564 4403 591 4441 ut
602 4394 637 4442 ait
649 4394 701 4457 ipse
712 4394 819 4443 salvator
830 4396 862 4443 ad
874 4394 1009 4459 discipulos
1026 4410 1090 4454 suos,
1102 4394 1146 4459 qui
1158 4409 1202 4442 vos
1212 4394 1282 4443 audit
1302 4410 1341 4443 me
1353 4396 1423 4443 audit

562 4472 641 4536 etqui
653 4488 697 4521 vos
707 4473 795 4536 recipit
807 4490 847 4521 me
858 4474 955 4537 recipit.

313 4552 354 4602 W.
388 4553 470 4602 Lectae
480 4552 513 4600 iv.
535 4550 572 4598 Hi
582 4550 747 4601 duodecim...
762 4551 872 4615 ingressi.

386 4630 466 4680 Lectio
476 4645 499 4678 v.
512 4629 547 4678 vi.
567 4649 591 4668 =
607 4628 635 4677 H
646 4628 724 4678 lectio
735 4628 767 4677 iv.
782 4629 833 4678 and
844 4645 868 4679 v.
881 4638 908 4678 to
919 4627 1082 4678 credentium.

288 4854 295 4887 ¹
313 4858 340 4906 P.
353 4857 428 4907 omits
439 4855 485 4905 viri
497 4855 583 4905 sancti.
998 4847 1009 4881 ²
1026 4852 1058 4900 W
1077 4853 1121 4904 lsti
1133 4862 1190 4902 sunt
1202 4852 1321 4901 viventes
