3600 5834
303 736 355 798 478
649 737 676 784 E
680 736 872 786 UANGELIA
897 737 1166 787 DOMINICALIA.

307 890 430 955 Oratio.
457 890 579 953 Excita
595 889 730 952 domine
745 890 932 970 potentiam
944 899 1036 953 tuam
1053 900 1087 953 et
1097 891 1196 968 veni;
1220 902 1261 955 et
1277 893 1378 974 quod
1394 895 1517 958 ecclesie

392 989 449 1041 tue
475 977 665 1059 promisisti,
691 996 797 1057 usque
826 976 860 1039 in
892 976 992 1039 finem
1022 976 1123 1040 seculi
1155 976 1355 1043 clementer
1386 1001 1517 1064 operare

395 1065 461 1147 Qui
478 1064 563 1126 viuis
579 1073 612 1127 et
629 1064 769 1144 regnasl

768 1277 828 1340 An
851 1291 1045 1342 VESPERAS.

304 1428 384 1490 Ant.
411 1428 461 1491 Illi
490 1428 641 1491 homines
671 1448 747 1491 cum
778 1428 940 1492 vidissent
971 1428 1061 1511 quod
1094 1428 1220 1493 iecerat
1255 1432 1350 1494 iesus
1393 1434 1513 1516 signum

390 1515 546 1578 dicebant
562 1516 641 1597 quia
667 1514 733 1579 Hic
756 1527 807 1579 est
833 1536 910 1579 vere
937 1516 1183 1599 propheta-qui
1209 1528 1384 1582 venturus
1401 1522 1463 1583 est'
1477 1521 1514 1594 in,

392 1604 562 1666 mundum.
1043 1604 1100 1666 Ps.
1126 1603 1363 1685 Magnificam

303 1689 402 1753 Istud
435 1690 588 1751 ultimum
618 1690 802 1771 predictum
839 1690 1043 1772 euangelium
1080 1711 1151 1752 cum
1190 1691 1392 1773 antiplwmk
1428 1706 1513 1775 super

382 1777 527 1857 psalmos
553 1777 752 1839 Benedictus
778 1786 810 1839 et
833 1775 1030 1860 Magnificat
1059 1778 1108 1838 ad
1126 1779 1293 1841 secundas
1321 1792 1472 1861 vesperas
1484 1792 1510 1842 el

389 1884 459 1925 cum
486 1863 633 1942 predicta
669 1863 793 1926 collecta
821 1874 946 1945 semper
966 1864 1118 1944 prom'ma
1147 1864 1203 1927 die
1233 1865 1410 1930 domeiu'm
1440 1878 1506 1930 ante

389 1951 566 2013 aduentum
581 1948 732 2025 dicenda†
745 1959 800 2014 est.

362 2235 376 2262 ὅ
393 2231 466 2279 Then
477 2230 573 2280 follows
585 2231 610 2279 in
623 2231 684 2279 HW
696 2231 730 2279 In
740 2231 891 2280 dedicatione
901 2231 995 2279 ecclesie
1007 2248 1014 2279 ε
1033 2246 1074 2281 see
1087 2231 1136 2279 vol.
1157 2244 1180 2279 2.

369 2342 377 2375 ¹
394 2346 427 2393 W
438 2344 572 2458 promisisti
580 2344 682 2394 ecclesie
695 2354 745 2394 tue.

392 2412 426 2458 W
459 2427 492 2459 er.

364 2475 378 2505 ‘¹
394 2477 427 2523 W
438 2476 513 2525 omits
524 2483 569 2525 est.

486 4787 564 4792 ---
806 4787 843 4792 ...-
868 4785 1370 4797 .......—.——-—-—-———--—
1380 4791 1493 4799 .—

291 4836 761 4884 uenu1somnsons‚·1›mms
786 4836 817 4873 m
841 4836 990 4874 oannem
1013 4836 1049 4874 το
1073 4836 1120 4874 ms
1144 4833 1277 4886 mm,
1297 4840 1340 4878 sc.
1363 4830 1502 4881 unn‘rm‘s

703 4916 707 4922 ·
806 4902 889 4949 Leuc,
909 4901 971 4940 wc.
